<!DOCTYPE html>
<!-- saved from url=(0220)https://www.matsmart.fi/musta-tee-50kpl?utm_source=google&utm_medium=surfaces&utm_campaign=surfaces_across_google_finland&gclid=Cj0KCQiAy579BRCPARIsAB6QoIbHGeMRg1iNpAeDley5ORpmc3OHYxa2iVts1XctUfKlCgG-monUk3waAkIrEALw_wcB -->
<html class="translated-ltr"><head lang="fi-FI"><meta http-equiv="Content-Type" content="text/html; charset=UTF-8"><meta name="viewport" content="initial-scale=1,maximum-scale=5,minimum-scale=1,width=device-width,height=device-height"><meta name="theme-color" content="#ffffff"><link rel="manifest" href="https://www.matsmart.fi/manifest.json"><link rel="shortcut icon" href="https://www.matsmart.fi/favicon-16x16.png"><link rel="icon" type="image/png" href="https://www.matsmart.fi/favicon-32x32.png" sizes="32x32"><link rel="icon" type="image/png" href="https://www.matsmart.fi/favicon-16x16.png" sizes="16x16"><link rel="icon" sizes="192x192" href="https://www.matsmart.fi/touch-icon-192x192.png"><link rel="apple-touch-icon-precomposed" sizes="180x180" href="https://www.matsmart.fi/apple-touch-icon-180x180-precomposed.png"><link rel="apple-touch-icon-precomposed" sizes="152x152" href="https://www.matsmart.fi/apple-touch-icon-152x152-precomposed.png"><link rel="apple-touch-icon-precomposed" sizes="144x144" href="https://www.matsmart.fi/apple-touch-icon-144x144-precomposed.png"><link rel="apple-touch-icon-precomposed" sizes="120x120" href="https://www.matsmart.fi/apple-touch-icon-120x120-precomposed.png"><link rel="apple-touch-icon-precomposed" sizes="114x114" href="https://www.matsmart.fi/apple-touch-icon-114x114-precomposed.png"><link rel="apple-touch-icon-precomposed" sizes="76x76" href="https://www.matsmart.fi/apple-touch-icon-76x76-precomposed.png"><link rel="apple-touch-icon-precomposed" sizes="72x72" href="https://www.matsmart.fi/apple-touch-icon-72x72-precomposed.png"><link rel="apple-touch-icon-precomposed" href="https://www.matsmart.fi/apple-touch-icon-precomposed.png"><meta http-equiv="x-dns-prefetch-control" content="on"><link rel="dns-prefetch" href="https://cdn1.matsmart.se/"><link rel="dns-prefetch" href="https://cdn2.matsmart.se/"><link rel="dns-prefetch" href="https://cdn3.matsmart.se/"><link rel="dns-prefetch" href="https://cdn4.matsmart.se/"><script async="" src="./tea_files/js-sha256-v1.min.js.download" integrity="sha384-W4RqaNUbvBdTRc41QQAWDcd2aX9wGruak2WnlXwyjVAlhi56zatCk4e/RSqwrAg6" crossorigin="anonymous"></script><script async="true" type="text/javascript" src="./tea_files/event" data-owner="criteo-tag"></script><script type="text/javascript" async="" src="./tea_files/ec.js.download"></script><script id="scarab-js-api" src="./tea_files/scarab-v2.js.download"></script><script async="" src="./tea_files/fbevents.js.download"></script><script src="./tea_files/d7.js.download" type="text/javascript" async=""></script><script type="text/javascript" async="" src="./tea_files/ld.js.download"></script><script type="text/javascript" async="" src="./tea_files/f.txt"></script><script type="text/javascript" async="" src="./tea_files/f.txt"></script><script async="" charset="utf-8" src="./tea_files/loader.js.download"></script><script async="" src="./tea_files/scevent.min.js.download"></script><script src="./tea_files/d7.js.download" type="text/javascript" async=""></script><script type="text/javascript" async="" src="./tea_files/analytics.js.download"></script><script type="text/javascript" async="" src="./tea_files/hotjar-1059983.js.download"></script><script async="" src="./tea_files/gtm.js.download"></script><script async="" src="./tea_files/flowbox-flow-embed.js.download"></script><script type="text/javascript" async="" src="./tea_files/analytics.min.js.download"></script><script>window.dataLayer=window.dataLayer||[],window.dataLayer.push({originalLocation:document.location.protocol+"//"+document.location.hostname+document.location.pathname+document.location.search}),window.gtag=function(){window.dataLayer.push(arguments)}</script><script>var _rollbarConfig={accessToken:"88d6274325f84d9cbd4ade0d919d3a9f",captureUncaught:!0,captureUnhandledRejections:!0,payload:{environment:"production"},onSendCallback:function(r,e,o){try{o.cartId=localStorage.getItem("cartId")}catch(r){}},checkIgnore:function(r,e,o){if(o.body.trace){var t=o.body.trace.exception.message;if(new RegExp(['"Timeout"',"Script error.","Request failed with status code 401","Request failed with status code 400","Network Error"].join("|")).test(t))return!0}return!1}};_rollbarConfig.accessToken&&function(o){function t(r){if(n[r])return n[r].exports;var e=n[r]={exports:{},id:r,loaded:!1};return o[r].call(e.exports,e,e.exports,t),e.loaded=!0,e.exports}var n={};t.m=o,t.c=n,t.p="",t(0)}([function(r,e,o){"use strict";var t=o(1),n=o(4);(_rollbarConfig=_rollbarConfig||{}).rollbarJsUrl=_rollbarConfig.rollbarJsUrl||"https://cdnjs.cloudflare.com/ajax/libs/rollbar.js/2.4.6/rollbar.min.js",_rollbarConfig.async=void 0===_rollbarConfig.async||_rollbarConfig.async;var a=t.setupShim(window,_rollbarConfig),l=n(_rollbarConfig);window.rollbar=t.Rollbar,a.loadFull(window,document,!_rollbarConfig.async,_rollbarConfig,l)},function(r,e,o){"use strict";function c(r){return function(){try{return r.apply(this,arguments)}catch(r){try{console.error("[Rollbar]: Internal error",r)}catch(r){}}}}function t(r,e){this.options=r,this._rollbarOldOnError=null;var o=l++;this.shimId=function(){return o},"undefined"!=typeof window&&window._rollbarShims&&(window._rollbarShims[o]={handler:e,messages:[]})}function n(o){return c(function(){var r=Array.prototype.slice.call(arguments,0),e={shim:this,method:o,args:r,ts:new Date};window._rollbarShims[this.shimId()].messages.push(e)})}var a=o(2),l=0,i=o(3).bind(null,function(r,e){return new t(r,e)});t.prototype.loadFull=function(l,r,e,o,i){var t=!1,n=r.createElement("script"),a=r.getElementsByTagName("script")[0],s=a.parentNode;n.crossOrigin="",n.src=o.rollbarJsUrl,e||(n.async=!0),n.onload=n.onreadystatechange=c(function(){if(!(t||this.readyState&&"loaded"!==this.readyState&&"complete"!==this.readyState)){n.onload=n.onreadystatechange=null;try{s.removeChild(n)}catch(r){}t=!0,function(){var r;if(void 0===l._rollbarDidLoad){r=new Error("rollbar.js did not load");for(var e,o,t,n,a=0;e=l._rollbarShims[a++];)for(e=e.messages||[];o=e.shift();)for(t=o.args||[],a=0;a<t.length;++a)if("function"==typeof(n=t[a])){n(r);break}}"function"==typeof i&&i(r)}()}}),s.insertBefore(n,a)},t.prototype.wrap=function(o,r,t){try{var n;if(n="function"==typeof r?r:function(){return r||{}},"function"!=typeof o)return o;if(o._isWrap)return o;if(!o._rollbar_wrapped&&(o._rollbar_wrapped=function(){t&&"function"==typeof t&&t.apply(this,arguments);try{return o.apply(this,arguments)}catch(r){var e=r;throw e&&("string"==typeof e&&(e=new String(e)),e._rollbarContext=n()||{},e._rollbarContext._wrappedSource=o.toString(),window._rollbarWrappedError=e),e}},o._rollbar_wrapped._isWrap=!0,o.hasOwnProperty))for(var e in o)o.hasOwnProperty(e)&&(o._rollbar_wrapped[e]=o[e]);return o._rollbar_wrapped}catch(r){return o}};for(var s="log,debug,info,warn,warning,error,critical,global,configure,handleUncaughtException,handleUnhandledRejection,captureEvent,captureDomContentLoaded,captureLoad".split(","),d=0;d<s.length;++d)t.prototype[s[d]]=n(s[d]);r.exports={setupShim:function(e,o){if(e){var t=o.globalAlias||"Rollbar";if("object"==typeof e[t])return e[t];e._rollbarShims={},e._rollbarWrappedError=null;var n=new i(o);return c(function(){o.captureUncaught&&(n._rollbarOldOnError=e.onerror,a.captureUncaughtExceptions(e,n,!0),a.wrapGlobals(e,n,!0)),o.captureUnhandledRejections&&a.captureUnhandledRejections(e,n,!0);var r=o.autoInstrument;return!1!==o.enabled&&(void 0===r||!0===r||"object"==typeof r&&r.network)&&e.addEventListener&&(e.addEventListener("load",n.captureLoad.bind(n)),e.addEventListener("DOMContentLoaded",n.captureDomContentLoaded.bind(n))),e[t]=n})()}},Rollbar:i}},function(r,e){"use strict";function l(t,r,e){if(r.hasOwnProperty&&r.hasOwnProperty("addEventListener")){for(var n=r.addEventListener;n._rollbarOldAdd&&n.belongsToShim;)n=n._rollbarOldAdd;var o=function(r,e,o){n.call(this,r,t.wrap(e),o)};o._rollbarOldAdd=n,o.belongsToShim=e,r.addEventListener=o;for(var a=r.removeEventListener;a._rollbarOldRemove&&a.belongsToShim;)a=a._rollbarOldRemove;var l=function(r,e,o){a.call(this,r,e&&e._rollbar_wrapped||e,o)};l._rollbarOldRemove=a,l.belongsToShim=e,r.removeEventListener=l}}r.exports={captureUncaughtExceptions:function(a,l,r){if(a){var i;"function"==typeof l._rollbarOldOnError?i=l._rollbarOldOnError:a.onerror&&!a.onerror.belongsToShim&&(i=a.onerror,l._rollbarOldOnError=i);var e=function(){var r,e,o,t,n=Array.prototype.slice.call(arguments,0);e=l,o=i,t=n,(r=a)._rollbarWrappedError&&(t[4]||(t[4]=r._rollbarWrappedError),t[5]||(t[5]=r._rollbarWrappedError._rollbarContext),r._rollbarWrappedError=null),e.handleUncaughtException.apply(e,t),o&&o.apply(r,t)};e.belongsToShim=r,a.onerror=e}},captureUnhandledRejections:function(r,n,e){if(r){"function"==typeof r._rollbarURH&&r._rollbarURH.belongsToShim&&r.removeEventListener("unhandledrejection",r._rollbarURH);var o=function(r){var e,o,t;try{e=r.reason}catch(r){e=void 0}try{o=r.promise}catch(r){o="[unhandledrejection] error getting `promise` from event"}try{t=r.detail,!e&&t&&(e=t.reason,o=t.promise)}catch(r){t="[unhandledrejection] error getting `detail` from event"}e||(e="[unhandledrejection] error getting `reason` from event"),n&&n.handleUnhandledRejection&&n.handleUnhandledRejection(e,o)};o.belongsToShim=e,r._rollbarURH=o,r.addEventListener("unhandledrejection",o)}},wrapGlobals:function(r,e,o){if(r){var t,n,a="EventTarget,Window,Node,ApplicationCache,AudioTrackList,ChannelMergerNode,CryptoOperation,EventSource,FileReader,HTMLUnknownElement,IDBDatabase,IDBRequest,IDBTransaction,KeyOperation,MediaController,MessagePort,ModalWindow,Notification,SVGElementInstance,Screen,TextTrack,TextTrackCue,TextTrackList,WebSocket,WebSocketWorker,Worker,XMLHttpRequest,XMLHttpRequestEventTarget,XMLHttpRequestUpload".split(",");for(t=0;t<a.length;++t)r[n=a[t]]&&r[n].prototype&&l(e,r[n].prototype,o)}}}},function(r,e){"use strict";function o(r,e){this.impl=r(e,this),this.options=e,function(r){for(var e=function(e){return function(){var r=Array.prototype.slice.call(arguments,0);if(this.impl[e])return this.impl[e].apply(this.impl,r)}},o="log,debug,info,warn,warning,error,critical,global,configure,handleUncaughtException,handleUnhandledRejection,_createItem,wrap,loadFull,shimId,captureEvent,captureDomContentLoaded,captureLoad".split(","),t=0;t<o.length;t++)r[o[t]]=e(o[t])}(o.prototype)}o.prototype._swapAndProcessMessages=function(r,e){this.impl=r(this.options);for(var o,t,n;o=e.shift();)t=o.method,n=o.args,this[t]&&"function"==typeof this[t]&&("captureDomContentLoaded"===t||"captureLoad"===t?this[t].apply(this,[n[0],o.ts]):this[t].apply(this,n));return this},r.exports=o},function(r,e){"use strict";r.exports=function(i){return function(r){if(!r&&!window._rollbarInitialized){for(var e,o,t=(i=i||{}).globalAlias||"Rollbar",n=window.rollbar,a=function(r){return new n(r)},l=0;e=window._rollbarShims[l++];)o||(o=e.handler),e.handler._swapAndProcessMessages(a,e.messages);window[t]=o,window._rollbarInitialized=!0}}}}])</script><script>var bot=/bot|googlebot|crawler|spider|robot|crawling/i.test(navigator.userAgent);bot||window.CSS&&window.CSS.supports&&window.CSS.supports("display","grid")||(/iPad|iPhone|iPod/.test(navigator.userAgent)&&!window.MSStream?window.location.href="/upgrade-ios":window.location.href="/upgrade-browser")</script><meta name="google-site-verification" content="Q9o0BXqEvGhYr_o6RnVWXVBaq3W-W3nKFz2Uq28XpIA"><meta name="google-site-verification" content="gEMo-qZZYDDzO5BbVpkOr214_N_VP782eJ7niGuv72s"><script>!function(){var o=window.analytics=window.analytics||[];if(!o.initialize)if(o.invoked)window.console&&console.error&&console.error("Segment snippet included twice.");else{o.invoked=!0,o.methods=["trackSubmit","trackClick","trackLink","trackForm","pageview","identify","reset","group","track","ready","alias","debug","page","once","off","on","addSourceMiddleware","addIntegrationMiddleware","setAnonymousId","addDestinationMiddleware"],o.factory=function(t){return function(){var e=Array.prototype.slice.call(arguments);return e.unshift(t),o.push(e),o}};for(var e=0;e<o.methods.length;e++){var t=o.methods[e];o[t]=o.factory(t)}o.load=function(e,t){var n=document.createElement("script");n.type="text/javascript",n.async=!0,n.src="https://cdn.segment.com/analytics.js/v1/"+e+"/analytics.min.js";var a=document.getElementsByTagName("script")[0];a.parentNode.insertBefore(n,a),o._loadOptions=t},o.SNIPPET_VERSION="4.13.1",o.load("gnIVP0kMUBvXEfL0dLLxtmdEvEKDM8fb"),o.page()}}()</script><script id="flowbox-js-embed" async="" src="./tea_files/flowbox.js.download"></script><script>!function(o,e){if(!window.flowbox){var t=function(){t.q.push(arguments)};t.q=[],window.flowbox=t}if(!o.getElementById(e)){var n=o.createElement("script"),c=o.scripts[o.scripts.length-1];n.id=e,n.async=!0,n.src=" https://connect.getflowbox.com/flowbox.js",c.parentNode.insertBefore(n,c)}}(document,"flowbox-js-embed")</script><script type="text/javascript" src="./tea_files/tp.widget.bootstrap.min.js.download" async=""></script><link href="./tea_files/main.44f3acfa.chunk.css" rel="stylesheet"><title>Black Tea 50pcs, 100g, Lipton |  Matsmart</title><meta property="og:image" content="https://cdn4.matsmart.se/sites/se/files/styles/product_full/public/products/liptontee.jpg?itok=Fbcbn27M"><link rel="canonical" href="https://www.matsmart.fi/musta-tee-50kpl"><style type="text/css">.slick-slider{box-sizing:border-box;-webkit-user-select:none;-moz-user-select:none;-ms-user-select:none;user-select:none;-webkit-touch-callout:none;-khtml-user-select:none;-ms-touch-action:pan-y;touch-action:pan-y;-webkit-tap-highlight-color:transparent}.slick-list,.slick-slider{position:relative;display:block}.slick-list{overflow:hidden;margin:0;padding:0}.slick-list:focus{outline:none}.slick-list.dragging{cursor:pointer;cursor:hand}.slick-slider .slick-list,.slick-slider .slick-track{-webkit-transform:translateZ(0);-moz-transform:translateZ(0);-ms-transform:translateZ(0);-o-transform:translateZ(0);transform:translateZ(0)}.slick-track{position:relative;top:0;left:0;display:block;margin-left:auto;margin-right:auto}.slick-track:after,.slick-track:before{display:table;content:""}.slick-track:after{clear:both}.slick-loading .slick-track{visibility:hidden}.slick-slide{display:none;float:left;height:100%;min-height:1px}[dir=rtl] .slick-slide{float:right}.slick-slide img{display:block}.slick-slide.slick-loading img{display:none}.slick-slide.dragging img{pointer-events:none}.slick-initialized .slick-slide{display:block}.slick-loading .slick-slide{visibility:hidden}.slick-vertical .slick-slide{display:block;height:auto;border:1px solid transparent}.slick-arrow.slick-hidden{display:none}</style><style type="text/css">.bzfy-u-1\/1{width:100%!important}.bzfy-u-1\/2{width:50%!important}.bzfy-u-1\/3{width:33.33333333333333%!important}.bzfy-u-1\/4{width:25%!important}.bzfy-u-1\/5{width:20%!important}.bzfy-u-1\/6{width:16.66666667%!important}.bzfy-u-1\/7{width:14.28571429%!important}.bzfy-u-1\/8{width:12.5%!important}.bzfy-o-layout__item{display:inline-block;padding-left:20px;vertical-align:top;width:100%}.bzfy-o-layout--rev{direction:rtl;text-align:left}.bzfy-o-layout--rev>.bzfy-o-layout__item{direction:ltr;text-align:left}.bzfy-o-layout--middle>.bzfy-o-layout__item{vertical-align:middle}.bzfy-flag{display:table;width:100%}.bzfy-flag__body,.bzfy-flag__img{display:table-cell;vertical-align:middle}.bzfy-flag__img{padding-right:20px}.bzfy-flag__img>img{display:block;max-width:none}.bzfy-flag__body{width:100%}.bzfy-flag__body,.bzfy-flag__body>:last-child{margin-bottom:0}.bzfy-media{display:block}.bzfy-media__img{float:left;margin-right:20px}.bzfy-media__img>img{display:block}.bzfy-media__body{overflow:hidden;display:block}.bzfy-media__body,.bzfy-media__body>:last-child{margin-bottom:0}.bzfy-pack{width:100%;display:table;table-layout:fixed}.bzfy-pack__item{display:table-cell}.bzfy-icon{line-height:inherit;display:flex;align-items:center;justify-content:center;height:100%;font-size:20px;line-height:20px}.bzfy-icon svg{vertical-align:-.1em;max-width:1em;max-height:1em}.bzfy-t-feed-tile-grid .bzfy-feed--blurred{filter:blur(5px);-webkit-filter:blur(5px)}.bzfy-t-feed-tile-grid .bzfy-c-tilegrid-bottom-bar{text-align:center;padding:20px;margin-bottom:40px;width:100%}.bzfy-t-feed-tile-grid .bzfy-feed .bzfy-o-layout{margin-left:0}.bzfy-t-feed-tile-grid .bzfy-feed .bzfy-o-layout__item{padding-left:0}.bzfy-t-feed-tile-grid .bzfy-c-tilegrid-post-container{width:100%}.bzfy-t-feed-tile-grid .bzfy-c-tilegrid-post-container--clickable{cursor:pointer}.bzfy-t-feed-tile-grid .bzfy-c-tilegrid-post-container--clickable:focus{outline:1px solid #f1f1f1}.bzfy-t-feed-tile-grid .bzfy-c-tilegrid-post-container__inner{background-color:#fff;position:relative;width:100%;overflow:hidden}.bzfy-t-feed-tile-grid .bzfy-c-tilegrid-post-container__inner:before{content:"";display:block;padding-top:100%}.bzfy-t-feed-tile-grid .bzfy-c-tilegrid-post__background{position:absolute;top:0;left:0;right:0;bottom:0;width:100%;height:100%;z-index:1;background-size:cover;background-position:top;background-repeat:no-repeat}.bzfy-t-feed-tile-grid .bzfy-c-tilegrid-post__overlay{position:absolute;left:0;right:0;top:100%;bottom:auto;z-index:5;transform:translateY(-55px);background-color:rgba(0,0,0,.5);padding:10px;transition:.2s}.bzfy-t-feed-tile-grid .bzfy-c-tilegrid-post{position:absolute;top:0;left:0;width:100%;height:100%}.bzfy-t-feed-tile-grid .bzfy-c-tilegrid-post--static .bzfy-c-tilegrid-post__overlay{top:auto;bottom:0;transform:none}.bzfy-t-feed-tile-grid .bzfy-c-tilegrid-post:hover .bzfy-c-tilegrid-post__overlay{transform:translateY(-100%)}.bzfy-t-feed-tile-grid .bzfy-c-tilegrid-post--static:hover .bzfy-c-tilegrid-post__overlay{transform:none}.bzfy-t-feed-tile-grid .bzfy-c-tilegrid-post__profile-content-block{padding-right:5px;vertical-align:middle}.bzfy-t-feed-tile-grid .bzfy-c-tilegrid-post__profile-content-block:last-child{padding:0;text-align:right}.bzfy-t-feed-tile-grid .bzfy-c-tilegrid-post__profile-content-block--user-info,.bzfy-t-feed-tile-grid .bzfy-c-tilegrid-post__profile-content-block--user-info:last-child{text-align:left}.bzfy-t-feed-tile-grid .bzfy-c-tilegrid-post__profile-name{white-space:nowrap;overflow:hidden;text-overflow:ellipsis}.bzfy-t-feed-tile-grid .bzfy-c-tilegrid-post__text{opacity:0;transition:opacity .2s;padding-top:15px;font-size:.875em;line-height:1.375;color:#fff}.bzfy-t-feed-tile-grid .bzfy-c-tilegrid-post__text a{color:#fff;text-decoration:underline}.bzfy-t-feed-tile-grid .bzfy-c-tilegrid-post__text a:hover{text-decoration:none;color:1px solid #62cbb0}.bzfy-t-feed-tile-grid .bzfy-c-tilegrid-post__text--with-social{min-height:30px;padding-right:25px}.bzfy-t-feed-tile-grid .bzfy-c-tilegrid-post__text-cta{position:absolute;bottom:10px;right:10px;font-size:10px}.bzfy-t-feed-tile-grid .bzfy-c-tilegrid-post__text-cta .bzfy-c-tilegrid-post__social-icon{font-size:15px}.bzfy-t-feed-tile-grid .bzfy-c-tilegrid-post--static .bzfy-c-tilegrid-post__text,.bzfy-t-feed-tile-grid .bzfy-c-tilegrid-post:hover .bzfy-c-tilegrid-post__text{opacity:1}.bzfy-t-feed-tile-grid .bzfy-c-tilegrid-post__profile{width:100%}.bzfy-t-feed-tile-grid .bzfy-c-tilegrid-post__profile h1{font-size:12px;color:#fff;font-weight:400;padding-top:0;margin:0}.bzfy-t-feed-tile-grid .bzfy-c-tilegrid-post__profile h1 a,.bzfy-t-feed-tile-grid .bzfy-c-tilegrid-post__profile h1 a:hover{color:inherit}.bzfy-t-feed-tile-grid .bzfy-c-tilegrid-post__profile h2{font-size:10px;line-height:10px;color:#cbcbcb;font-weight:400;padding:0;margin:0}.bzfy-t-feed-tile-grid .bzfy-c-tilegrid-post__social-icon{margin-top:5px;font-size:20px;line-height:0;margin-left:20px;display:inline-block}.bzfy-t-feed-tile-grid .bzfy-c-tilegrid-post__profile-avatar-container{position:relative;width:40px}.bzfy-t-feed-tile-grid .bzfy-c-tilegrid-post__profile-avatar{position:relative;width:30px;height:30px;border-radius:50%;background-color:#555;background-size:cover;background-position:50%}.bzfy-t-feed-tile-grid .bzfy-c-tilegrid-plain-post-container{position:absolute;top:0;left:0;width:100%;height:100%}.bzfy-t-feed-tile-grid .bzfy-c-tilegrid-card-banner__icon{font-size:20px;color:#cbcbcb;margin-right:10px}.bzfy-t-feed-tile-grid .bzfy-c-tilegrid-plain-post{display:table;width:100%;height:100%}.bzfy-t-feed-tile-grid .bzfy-c-tilegrid-plain-post__inner-wrap{display:table-cell;text-align:center;vertical-align:middle}.bzfy-t-feed-tile-grid .bzfy-c-tilegrid-plain-post__content{font-size:40px;font-weight:700;line-height:60px;padding:20px}.bzfy-t-feed-tile-grid .bzfy-c-tilegrid-plain-post__content a{color:#62cbb0}.bzfy-t-feed-tile-grid .bzfy-c-tilegrid-button{padding:10px 20px;display:inline-block;text-transform:uppercase;cursor:pointer;font-size:12px;line-height:12px;font-weight:700;background-color:#fff;border:1px solid #fff;border-radius:4px;color:#000;overflow:hidden;text-overflow:ellipsis;white-space:nowrap;max-width:100%;text-decoration:none}.bzfy-t-feed-tile-grid .bzfy-c-tilegrid-button:hover{background-color:#f1f1f1}.bzfy-t-feed-tile-grid .bzfy-c-tilegrid-button:active{background-color:#d8d8d8}.bzfy-t-feed-tile-grid .bzfy-c-tilegrid-post__overlay .bzfy-c-tilegrid-button{margin-top:5px}.bzfy-t-feed-tile-grid .bzfy-c-tilegrid-post__overlay .bzfy-c-tilegrid-button--large{margin-top:0}.bzfy-t-feed-tile-grid .bzfy-c-tilegrid-post__minimalistic-overlay{position:absolute;top:0;left:0;z-index:1;width:100%;height:100%;visibility:hidden;opacity:0;background-color:rgba(0,0,0,.5);transition:.35s ease-in-out;font-size:1.25em}.bzfy-t-feed-tile-grid .bzfy-c-tilegrid-post:hover .bzfy-c-tilegrid-post__minimalistic-overlay{visibility:visible;opacity:1}.bzfy-t-feed-tile-grid .bzfy-c-tilegrid-post__minimalistic-overlay-content{position:absolute;top:50%;left:50%;transform:translateY(-50%) translateX(-50%);text-align:center}.bzfy-t-feed-tile-grid .bzfy-c-tilegrid-post__minimalistic-overlay-commerce-icon{line-height:1;width:1.5em;height:1.5em;border-radius:50%;border:1px solid #fff;display:inline-block;font-size:1em;position:relative}.bzfy-t-feed-tile-grid .bzfy-c-tilegrid-post__minimalistic-overlay-commerce-icon .bzfy-icon{position:absolute;top:50%;left:50%;transform:translate(-50%,-50%)}.bzfy-t-feed-tile-grid .bzfy-c-tilegrid-post__minimalistic-overlay-commerce-text{line-height:1;font-size:.75em;margin-bottom:5px;display:block;width:100%}.bzfy-t-feed-tile-grid .fade-scale-transition--uno-enter{opacity:.01;transform:scale(.85);transform-origin:top left}.bzfy-t-feed-tile-grid .fade-scale-transition--uno-enter.fade-scale-transition--uno-enter-active{opacity:1;transform:scale(1);transition:.5s ease-in-out;transition-property:opacity,transform}.bzfy-t-feed-tile-grid .fade-scale-transition--uno-appear{opacity:.01;transform:scale(.85);transform-origin:top left}.bzfy-t-feed-tile-grid .fade-scale-transition--uno-appear.fade-scale-transition--uno-appear-active{opacity:1;transform:scale(1);transition:.5s ease-in-out;transition-property:opacity,transform}.bzfy-t-feed-tile-grid .fade-scale-transition--uno-leave{opacity:1;transform:scale(1);transform-origin:top left}.bzfy-t-feed-tile-grid .fade-scale-transition--uno-leave.fade-scale-transition--uno-leave-active{opacity:.01;transform:scale(.85);transition:.5s ease-in-out;transition-property:opacity,transform}.bzfy-t-feed-tile-grid .fade-scale-transition--dos-enter{opacity:.01;transform:scale(.85);transform-origin:bottom right}.bzfy-t-feed-tile-grid .fade-scale-transition--dos-enter.fade-scale-transition--dos-enter-active{opacity:1;transform:scale(1);transition:.5s ease-in-out;transition-delay:50ms;transition-property:opacity,transform}.bzfy-t-feed-tile-grid .fade-scale-transition--dos-appear{opacity:.01;transform:scale(.85);transform-origin:bottom right}.bzfy-t-feed-tile-grid .fade-scale-transition--dos-appear.fade-scale-transition--dos-appear-active{opacity:1;transform:scale(1);transition:.5s ease-in-out;transition-delay:50ms;transition-property:opacity,transform}.bzfy-t-feed-tile-grid .fade-scale-transition--dos-leave{opacity:1;transform:scale(1);transform-origin:bottom right}.bzfy-t-feed-tile-grid .fade-scale-transition--dos-leave.fade-scale-transition--dos-leave-active{opacity:.01;transform:scale(.85);transition:.5s ease-in-out;transition-delay:50ms;transition-property:opacity,transform}.bzfy-t-feed-tile-grid .fade-scale-transition--tres-enter{opacity:.01;transform:scale(.85);transform-origin:right center}.bzfy-t-feed-tile-grid .fade-scale-transition--tres-enter.fade-scale-transition--tres-enter-active{opacity:1;transform:scale(1);transition:.5s ease-in-out;transition-delay:.1s;transition-property:opacity,transform}.bzfy-t-feed-tile-grid .fade-scale-transition--tres-appear{opacity:.01;transform:scale(.85);transform-origin:right center}.bzfy-t-feed-tile-grid .fade-scale-transition--tres-appear.fade-scale-transition--tres-appear-active{opacity:1;transform:scale(1);transition:.5s ease-in-out;transition-delay:.1s;transition-property:opacity,transform}.bzfy-t-feed-tile-grid .fade-scale-transition--tres-leave{opacity:1;transform:scale(1);transform-origin:right center}.bzfy-t-feed-tile-grid .fade-scale-transition--tres-leave.fade-scale-transition--tres-leave-active{opacity:.01;transform:scale(.85);transition:.5s ease-in-out;transition-delay:.1s;transition-property:opacity,transform}.bzfy-t-feed-tile-grid .bzfy-c-tile-grid-display-post-wrapper{position:fixed;top:0;left:0;width:100%;height:100%;z-index:16777270;background:rgba(0,0,0,.5);pointer-events:none}.bzfy-t-feed-tile-grid .bzfy-c-tile-grid-display-post-wrapper>div{position:absolute;transition:.5s ease-in-out;transform:translateX(0) translateY(0)}.bzfy-t-feed-tile-grid .show-display-post-appear,.bzfy-t-feed-tile-grid .show-display-post-enter{opacity:.01}.bzfy-t-feed-tile-grid .show-display-post-appear.show-display-post-appear-active,.bzfy-t-feed-tile-grid .show-display-post-enter.show-display-post-enter-active{opacity:1;transition:.5s ease-in-out}.bzfy-t-feed-tile-grid .show-display-post-leave{opacity:1}.bzfy-t-feed-tile-grid .show-display-post-leave.show-display-post-leave-active{opacity:.01;transition:.5s ease-in-out}.bzfy-t-feed-card-flow .bzfy-feed{padding:20px}.bzfy-t-feed-card-flow .bzfy-c-cardflow-post-container--clickable{cursor:pointer}.bzfy-t-feed-card-flow .bzfy-feed-banner{margin-bottom:1.5em}.bzfy-t-feed-card-flow .bzfy-c-cardflow-bottom-bar{text-align:center;margin-bottom:40px}.bzfy-t-feed-card-flow .bzfy-c-cardflow-post{position:relative;width:100%;border-radius:4px;background-color:#f1f1f1;box-shadow:0 2px 6px rgba(0,0,0,.2);margin-bottom:20px;overflow:hidden;transition:box-shadow .2s}.bzfy-t-feed-card-flow .bzfy-c-cardflow-post:hover{box-shadow:0 2px 8px rgba(0,0,0,.5)}.bzfy-t-feed-card-flow .bzfy-c-cardflow-post--banner{min-height:400px;text-align:center}.bzfy-t-feed-card-flow .bzfy-o-header{display:table;width:100%;padding:.9em;font-weight:700;font-size:.875em;table-layout:fixed}.bzfy-t-feed-card-flow .bzfy-o-header>div{display:table-cell;vertical-align:middle}.bzfy-t-feed-card-flow .bzfy-o-header--center{display:inline-block}.bzfy-t-feed-card-flow .bzfy-o-header--center>div{text-align:center;display:block}.bzfy-t-feed-card-flow .bzfy-o-header--center>div .bzfy-o-commerce{margin-top:10px}.bzfy-t-feed-card-flow .bzfy-o-header--center .bzfy-o-header__image-container{margin:0 auto}.bzfy-t-feed-card-flow .bzfy-o-header--center .bzfy-o-header__user{padding-left:0}.bzfy-t-feed-card-flow .bzfy-o-header__row{display:inline-block;width:100%}.bzfy-t-feed-card-flow .bzfy-o-header--cards-center{position:relative;margin-top:-30px;padding-top:0}.bzfy-t-feed-card-flow .bzfy-o-header--cards-center-no-post-image{margin-top:10px}.bzfy-t-feed-card-flow .bzfy-o-header__image-container{width:30px}.bzfy-t-feed-card-flow .bzfy-o-header__image{width:30px;height:30px;border-radius:50%;overflow:hidden;background-size:cover;background-position:50%}.bzfy-t-feed-card-flow .bzfy-o-header--cards-center .bzfy-o-header__image{margin:auto;width:60px;height:60px}.bzfy-t-feed-card-flow .bzfy-o-header__user{padding-left:10px}.bzfy-t-feed-card-flow .bzfy-o-header__time{text-align:right;opacity:.33;font-size:12px}.bzfy-t-feed-card-flow .bzfy-o-image-container--commerce{margin-bottom:20px}.bzfy-t-feed-card-flow .bzfy-c-cardflow-image-container{min-height:50px;position:relative;width:100%}.bzfy-t-feed-card-flow .bzfy-c-cardflow-image-container__inner{overflow:hidden}.bzfy-t-feed-card-flow .bzfy-c-cardflow-image img{width:100%}.bzfy-t-feed-card-flow .bzfy-o-commerce{display:inline-block;background:#38a98c;border-radius:2px;border-style:solid;border-width:2px;font-size:14px;color:#fff;padding:6px 12px;transition:transform .4s cubic-bezier(.175,.885,.32,1.275);text-decoration:none}.bzfy-t-feed-card-flow .bzfy-o-commerce:active{opacity:.5}.bzfy-t-feed-card-flow .bzfy-o-commerce-container{text-align:center}.bzfy-t-feed-card-flow .bzfy-o-commerce-container .bzfy-o-commerce{display:inline-block;margin-top:10px}.bzfy-t-feed-card-flow .bzfy-o-commerce-container .bzfy-o-commerce:hover{transform:scale(1.1)}.bzfy-t-feed-card-flow .bzfy-o-commerce--image{position:absolute;bottom:0;left:50%;transform:translate(-50%,50%)}.bzfy-t-feed-card-flow .bzfy-o-commerce--image:hover{transform:translate(-50%,50%) scale(1.1)}.bzfy-t-feed-card-flow .bzfy-o-commerce--bottom{display:inline-block;margin-bottom:10px}.bzfy-t-feed-card-flow .bzfy-o-commerce--bottom:hover{transform:scale(1.1)}.bzfy-t-feed-card-flow .bzfy-o-commerce--large{font-size:18px;padding:10px 60px}.bzfy-t-feed-card-flow .bzfy-o-body{text-align:center;padding:20px;font-size:20px}.bzfy-t-feed-card-flow .bzfy-o-body__content{display:block;display:-webkit-box;-webkit-line-clamp:3;-webkit-box-orient:vertical;font-size:.875em;overflow:hidden;text-overflow:ellipsis;line-height:1.5;height:4.5em}.bzfy-t-feed-card-flow .bzfy-o-social{padding-top:20px}.bzfy-t-feed-card-flow .bzfy-o-banner-post{position:absolute;top:50%;left:50%;transform:translate(-50%,-50%)}.bzfy-t-feed-card-flow .bzfy-o-banner-post__tagline{font-weight:700}.bzfy-t-feed-card-flow .bzfy-o-banner-post__title{font-weight:700;padding-top:10px}.bzfy-t-feed-card-flow .bzfy-o-banner-post__sources{font-size:20px;padding-top:10px}.bzfy-t-feed-card-flow .bzfy-c-cards-display-post-wrapper{position:fixed;top:0;left:0;width:100%;height:100%;z-index:16777270;background:hsla(0,0%,100%,.75);pointer-events:none}.bzfy-t-feed-card-flow .bzfy-c-cards-display-post-wrapper>div{position:absolute;transition:.5s ease-in-out;transform:translateX(0) translateY(0)}.bzfy-t-feed-card-flow .show-display-post-appear,.bzfy-t-feed-card-flow .show-display-post-enter{opacity:.01}.bzfy-t-feed-card-flow .show-display-post-appear.show-display-post-appear-active,.bzfy-t-feed-card-flow .show-display-post-enter.show-display-post-enter-active{opacity:1;transition:.5s ease-in-out}.bzfy-t-feed-card-flow .show-display-post-leave{opacity:1}.bzfy-t-feed-card-flow .show-display-post-leave.show-display-post-leave-active{opacity:.01;transition:.5s ease-in-out}.bzfy-t-feed-single .bzfy-feed{padding:20px 40px}.bzfy-t-feed-single .bzfy-o-container{max-width:1150px}.bzfy-t-feed-single .bzfy-c-single-button{padding:1em 1.5em;display:inline-block;text-transform:uppercase;text-decoration:none;cursor:pointer;font-size:1em;line-height:1em;font-weight:700;background-color:#fff;border:1px solid #fff;border-radius:.4em;color:#000;overflow:hidden;text-overflow:ellipsis;white-space:nowrap;max-width:100%;box-shadow:0 4px 8px rgba(0,0,0,.2)}.bzfy-t-feed-single .bzfy-c-single-button:hover{background-color:#f1f1f1}.bzfy-t-feed-single .bzfy-c-single-button:active{background-color:#d8d8d8}.bzfy-o-context-display .bzfy-t-feed-single{height:100%}.bzfy-o-context-display .bzfy-feed{height:100%!important}.bzfy-o-context-display .bzfy-o-container{height:100%}.bzfy-o-context-display .bzfy-feed-banner{position:fixed;top:0;left:0;width:100%;z-index:9000}.bzfy-t-feed-single .bzfy-post-container{position:relative}.bzfy-t-feed-single .bzfy-o-post-enter{opacity:.01}.bzfy-t-feed-single .bzfy-o-post-enter.bzfy-o-post-enter-active{opacity:1;transition:all .6s ease-in}.bzfy-t-feed-single .bzfy-o-post-leave{opacity:1;position:absolute;top:0;left:0;width:100%}.bzfy-t-feed-single .bzfy-o-post-leave.bzfy-o-post-leave-active{opacity:.01;transition:all .6s ease-in}.bzfy-t-feed-single .bzfy-fullscreen{width:100%;height:100%;position:relative}.bzfy-t-feed-single .bzfy-o-post{display:none}.bzfy-t-feed-single .bzfy-o-post--active{display:block}.bzfy-t-feed-single .bzfy-o-image-wrapper{position:relative}.bzfy-t-feed-single .bzfy-o-image{background-color:#f1f1f1;background-size:cover;background-position:50%;width:100%;height:0;box-sizing:content-box;padding-bottom:100%;border-radius:10px}.bzfy-t-feed-single .bzfy-o-post--lap .bzfy-o-image,.bzfy-t-feed-single .bzfy-o-post--palm .bzfy-o-image{margin-bottom:20px}.bzfy-t-feed-single .bzfy-feed--has-banner-top .bzfy-o-post--lap .bzfy-o-image,.bzfy-t-feed-single .bzfy-feed--has-banner-top .bzfy-o-post--palm .bzfy-o-image{margin-top:20px}.bzfy-t-feed-single .bzfy-o-profile-image{width:90px;height:90px;background-size:cover;background-position:50%;border-radius:20px}.bzfy-t-feed-single .bzfy-post-header{overflow:hidden;text-align:left;margin-bottom:20px}.bzfy-t-feed-single .bzfy-post-username{font-size:.5em;font-weight:700}.bzfy-t-feed-single .bzfy-post-age{font-size:.333333333em}.bzfy-t-feed-single .bzfy-o-post-content{text-align:left}.bzfy-t-feed-single .bzfy-o-post--lap .bzfy-o-post-content{font-size:.75em}.bzfy-t-feed-single .bzfy-o-post--palm .bzfy-o-post-content{text-align:center;font-size:.35em}.bzfy-t-feed-single .bzfy-o-post-content-text{margin-bottom:20px}.bzfy-t-feed-single .bzfy-o-post-content-text:last-child{margin-bottom:0}.bzfy-t-feed-single .bzfy-o-post--palm .bzfy-o-post-content-text{margin-bottom:10px}.bzfy-t-feed-single .bzfy-o-nav--lap-and-up .bzfy-next-post,.bzfy-t-feed-single .bzfy-o-nav--lap-and-up .bzfy-prev-post{position:absolute;top:50%;transform:translateY(-50%) scaleY(1);display:block;padding:0;appearance:none;background:transparent;border:none;font-size:5em;outline:none;cursor:pointer;transition:transform .1s ease-out}.bzfy-t-feed-single .bzfy-o-nav--lap-and-up .bzfy-next-post:hover,.bzfy-t-feed-single .bzfy-o-nav--lap-and-up .bzfy-prev-post:hover{transform:translateY(-50%) scaleX(1.15) scaleY(1.15)}.bzfy-t-feed-single .bzfy-o-nav--lap-and-up .bzfy-prev-post{right:100%;right:calc(100% + 20px)}.bzfy-t-feed-single .bzfy-o-nav--lap-and-up .bzfy-next-post{left:100%;left:calc(100% + 20px)}.bzfy-t-feed-single .bzfy-o-nav--palm{position:relative;width:100%}.bzfy-t-feed-single .bzfy-o-nav--palm .bzfy-next-post,.bzfy-t-feed-single .bzfy-o-nav--palm .bzfy-prev-post{display:inline-block;background:transparent;border:none;font-size:2em;width:50%;text-align:left}.bzfy-t-feed-single .bzfy-o-nav--palm .bzfy-next-post{text-align:right}@media screen and (min-width:1024px){.bzfy-o-context-display .bzfy-t-feed-single .bzfy-post-container{position:relative;top:50%;transform:translateY(-50%)}}.bzfy-o-context-display .bzfy-t-feed-carousel{height:100%}.bzfy-t-feed-carousel .bzfy-c-carousel-post{display:block;position:relative;border-radius:4px;background-color:#f1f1f1;box-shadow:0 2px 6px rgba(0,0,0,.2);margin:10px auto;overflow:hidden;width:100%;transition:box-shadow .2s}.bzfy-t-feed-carousel .bzfy-c-carousel-post:hover{box-shadow:0 2px 8px rgba(0,0,0,.5)}.bzfy-t-feed-carousel .bzfy-c-carousel-post--minimalistic{border-radius:0}.bzfy-t-feed-carousel .bzfy-c-cardflow-post--banner{min-height:400px;text-align:center}.bzfy-t-feed-carousel .bzfy-o-header{display:table;width:100%;padding:.9em;font-weight:700;font-size:.875em;table-layout:fixed}.bzfy-t-feed-carousel .bzfy-o-header>div{display:table-cell;vertical-align:middle}.bzfy-t-feed-carousel .bzfy-o-header--center{display:inline-block}.bzfy-t-feed-carousel .bzfy-o-header--center>div{text-align:center;display:block}.bzfy-t-feed-carousel .bzfy-o-header--center .bzfy-o-header__image-container{margin:0 auto}.bzfy-t-feed-carousel .bzfy-o-header--center .bzfy-o-header__user{padding-left:0}.bzfy-t-feed-carousel .bzfy-o-header__image-container{width:30px}.bzfy-t-feed-carousel .bzfy-o-header__image{width:30px;max-width:30px;height:30px;max-height:30px;border-radius:50%;overflow:hidden;background-size:cover;background-position:50%}.bzfy-t-feed-carousel .bzfy-o-header__user{padding-left:10px}.bzfy-t-feed-carousel .bzfy-o-header__time{text-align:right;opacity:.33;font-size:12px}.bzfy-t-feed-carousel .bzfy-o-image{background-size:cover;background-position:top;background-repeat:no-repeat;width:100%;height:100%}.bzfy-t-feed-carousel img.bzfy-o-image{object-fit:cover}.bzfy-t-feed-carousel .bzfy-o-image-container{width:100%;height:0;box-sizing:content-box;padding-bottom:100%;position:relative}.bzfy-t-feed-carousel .bzfy-o-image-container__clip{width:100%;height:100%;overflow:hidden;position:absolute}.bzfy-t-feed-carousel .bzfy-o-image-container--commerce{margin-bottom:20px}.bzfy-t-feed-carousel .bzfy-o-commerce{background:#38a98c;border-radius:2px;color:#fff;border-style:solid;border-width:2px;padding:10px 20px;transition:transform .4s cubic-bezier(.175,.885,.32,1.275);text-decoration:none}.bzfy-t-feed-carousel .bzfy-o-commerce:active{opacity:.5}.bzfy-t-feed-carousel .bzfy-o-commerce--image{position:absolute;bottom:0;left:50%;transform:translate(-50%,50%)}.bzfy-t-feed-carousel .bzfy-o-commerce--image:hover{transform:translate(-50%,50%) scale(1.1)}.bzfy-t-feed-carousel .bzfy-o-commerce--bottom{display:inline-block;margin-bottom:10px}.bzfy-t-feed-carousel .bzfy-o-commerce--bottom:hover{transform:scale(1.1)}.bzfy-t-feed-carousel .bzfy-o-commerce--large{font-size:18px;padding:10px 60px}.bzfy-t-feed-carousel .bzfy-o-body{text-align:center;padding:20px;font-size:20px}.bzfy-t-feed-carousel .bzfy-o-body__content{display:block;display:-webkit-box;-webkit-line-clamp:3;-webkit-box-orient:vertical;overflow:hidden;text-overflow:ellipsis;font-size:.875em;line-height:1.5;height:4.5em}.bzfy-t-feed-carousel .bzfy-o-body--no-image{padding:40px 20px}.bzfy-t-feed-carousel .bzfy-o-banner-post{position:absolute;top:50%;left:50%;transform:translate(-50%,-50%)}.bzfy-t-feed-carousel .bzfy-o-banner-post__tagline{font-weight:700}.bzfy-t-feed-carousel .bzfy-o-banner-post__title{font-weight:700;padding-top:10px}.bzfy-t-feed-carousel .bzfy-o-banner-post__sources{font-size:20px;padding-top:10px}.bzfy-t-feed-carousel .bzfy-c-carousel-control{position:absolute;left:10px;top:50%;width:50px;height:50px;line-height:50px;border-radius:50%;border:none;background-color:#555;color:#fff;transform:translateY(-50%);outline:none;font-size:20px;cursor:pointer}.bzfy-t-feed-carousel .bzfy-c-carousel-control--right{left:auto;right:10px}@media screen and (max-width:500px){.bzfy-t-feed-carousel .bzfy-c-carousel-control{width:30px;height:30px;line-height:34px;padding:0}}.bzfy-t-feed-carousel .bzfy-c-mobile-carousel-control{width:100%;height:30px;display:flex;flex-direction:row;justify-content:center}.bzfy-t-feed-carousel .bzfy-c-mobile-carousel-control .bzfy-c-mobile-circle{position:relative;border-radius:20px;transition:background-color .14s ease-in-out;background-color:#bebebe;margin:1px 5px;width:30px;height:30px}.bzfy-t-feed-carousel .bzfy-c-mobile-carousel-control .bzfy-c-mobile-circle.bzfy-c-active{background-color:#555;opacity:1;border-radius:20px;width:20px;display:none;height:20px}.bzfy-t-feed-carousel .bzfy-c-mobile-carousel-control .bzfy-c-mobile-circle img{position:absolute;top:7px;width:16px;height:16px;transition:opacity .14s ease-in-out}.bzfy-t-feed-carousel .bzfy-c-mobile-carousel-control .bzfy-c-mobile-circle img#bzfy-c-main-icon-left{margin-left:6px}.bzfy-t-feed-carousel .bzfy-c-mobile-carousel-control .bzfy-c-mobile-circle img#bzfy-c-main-icon-right{margin-left:8px}.bzfy-t-feed-carousel .bzfy-c-mobile-carousel-control .bzfy-c-mobile-circle img.bzfy-c-main-icon{opacity:1}.bzfy-t-feed-carousel .bzfy-c-carousel-slide-wrap--clickable{cursor:pointer}.bzfy-c-carousel-slider-wrapper{position:relative}.bzfy-c-carousel-slider-wrapper .slick-slide{height:auto!important}.bzfy-c-carousel-slider-wrapper__inner{padding:0 65px}@media screen and (max-width:500px){.bzfy-c-carousel-slider-wrapper__inner{padding:0 50px}}.bzfy-o-context-display .bzfy-c-carousel-slider-wrapper{position:relative;top:50%;left:0;width:100%;transform:translateY(-50%)}.slick-slide.bzfy-c-carousel-slide-wrap.bzfy-c-carousel-slide-wrap--clickable>div{padding:0 1px!important}.bzfy-feed{position:relative;font-size:16px;-webkit-font-smoothing:antialiased}.bzfy-feed figure{margin:0}.bzfy-feed p{line-height:30px}.bzfy-feed hr{border:none;background:none;border-bottom:1px solid #f1f1f1;max-width:80px;margin-bottom:24px}.bzfy-feed--fixed{overflow-y:auto}.bzfy-gate-user-holder{display:flex;flex-direction:column;align-items:center;margin-bottom:10px}.bzfy-gate-user-holder .bzfy-media__img{margin-right:0}.bzfy-gate-user-holder .bzfy-media__img.bzfy-gate-profile-img{min-height:40px}.bzfy-gate-user-holder.with-products{flex-direction:row}.bzfy-gate-user-holder.with-products .bzfy-media__img{margin-right:10px}.bzfy-gate-user-holder.with-products .bzfy-media__body{display:flex;flex-direction:column;align-items:flex-start}@media screen and (max-width:799px){.bzfy-gate-user-holder.with-products{flex-direction:column}.bzfy-gate-user-holder.with-products .bzfy-media__img{margin-right:0}.bzfy-gate-user-holder.with-products .bzfy-media__body{align-items:center}}.bzfy-feed-load-more-button{padding:20px;font-size:14px;display:inline-block;text-transform:uppercase;cursor:pointer;line-height:14px;font-weight:700;background-color:#fff;border:1px solid #fff;border-radius:4px;color:#000}.bzfy-feed-load-more-button:hover{background-color:#f1f1f1}.bzfy-feed-load-more-button:active{background-color:#d8d8d8}.bzfy-feed-gate{display:flex;position:fixed;top:0;right:0;bottom:0;left:0;-webkit-overflow-scrolling:touch;z-index:16777270;background-color:transparent;-webkit-box-shadow:0 40px 100px 0 rgba(0,0,0,.5);-moz-box-shadow:0 40px 100px 0 rgba(0,0,0,.5);box-shadow:0 40px 100px 0 rgba(0,0,0,.5);transition:background-color .25s ease-out;-webkit-font-smoothing:antialiased}.bzfy-feed-gate *{box-sizing:border-box}.bzfy-feed-gate :focus{outline:1px solid hsla(0,0%,100%,.5)}@keyframes flash{0%{opacity:.5}to{opacity:1}}.bzfy-feed-gate--visible{background-color:rgba(0,0,0,.5);backface-visibility:hidden;-webkit-backface-visibility:hidden;transform:translateZ(0);-webkit-transform:translateZ(0)}.bzfy-feed-gate-close{appearance:none;background:transparent;border:none;cursor:pointer;fill:#fff;outline:none;order:-1;text-align:center;width:40px}.bzfy-feed-gate-close:hover path{fill:#f66}.bzfy-feed-gate-close path{fill:#fff}@media screen and (max-width:799px){.bzfy-feed-gate-close path{fill:#000}}.bzfy-feed-gate-modal-wrapper{width:90%;padding:40px 5px 20px;margin:auto}@media screen and (min-width:799px){.bzfy-feed-gate-modal-wrapper{width:calc(100% - 200px);display:flex;flex-direction:row;align-items:center}}@media screen and (min-width:799px) and (max-width:1023px){.bzfy-feed-gate-modal-wrapper{width:100%}}@media screen and (max-width:799px){.bzfy-feed-gate-modal-wrapper{padding:40px 0;padding-bottom:0;width:100%;height:100%;overflow-x:hidden}}.bzfy-feed-gate-modal{position:relative;margin:0 auto;display:flex;flex-direction:column;background-color:#fff;border-radius:5px;opacity:0;transition:opacity .25s ease-out}@media screen and (min-width:799px){.bzfy-feed-gate-modal{flex-direction:row;width:100%}}#bz-gate-content.flash,#bz-gate-image.flash{animation-name:not-working-flash;animation-duration:1ms;animation-iteration-count:1;animation-direction:normal;animation-timing-function:ease-in}.bz-gate-media{position:relative}.bz-gate-media-carousel{position:absolute;top:0;left:0;bottom:0;right:0;color:#fff;pointer-events:none}.bz-gate-media-carousel__control{position:absolute;top:50%;transform:translateY(-50%);padding:0;border:0;background:none;width:40px;height:40px;filter:drop-shadow(0 0 10px rgba(0,0,0,.5));pointer-events:all}.bz-gate-media-carousel__control--previous{left:20px}.bz-gate-media-carousel__control--next{right:20px}.bz-gate-media-carousel__control:focus{outline:none}.bz-gate-media-carousel__indicator{position:absolute;left:50%;transform:translateX(-50%);bottom:20px}@media screen and (max-width:799px){.bz-gate-media-carousel__indicator{bottom:40px}}.bz-gate-media-carousel__indicator-dot{display:inline-block;margin:0 5px;width:10px;height:10px;border-radius:10px;background:#fff;box-shadow:0 0 10px 0 rgba(0,0,0,.5);opacity:.5;pointer-events:all}.bz-gate-media-carousel__indicator-dot--active{opacity:1}.bzfy-feed-gate-modal--half{max-width:400px;height:auto;padding:0}.bzfy-feed-gate-modal--visible{opacity:1;transition-delay:.35s}@media screen and (max-width:799px){.bzfy-feed-gate-modal--visible{border-radius:0}}.bzfy-feed-gate-modal__post-image{display:flex;flex-direction:column;background-color:#555;border-top-left-radius:4px;overflow:hidden}@media screen and (min-width:799px){.bzfy-feed-gate-modal__post-image{width:50%;min-height:370px;justify-content:space-around;border-bottom-left-radius:4px}}@media screen and (max-width:799px){.bzfy-feed-gate-modal__post-image{border-top-right-radius:4px}}.bzfy-feed-gate-modal--half .bzfy-feed-gate-modal__post-image{display:none}.bzfy-feed-gate-modal-image{display:block;position:relative;background-color:#fff;background-size:cover;background-position:50%;background-repeat:no-repeat;border-top-left-radius:4px}@media screen and (min-width:799px){.bzfy-feed-gate-modal-image{border-bottom-left-radius:4px}}@media screen and (max-width:799px){.bzfy-feed-gate-modal-image{border-top-left-radius:0;border-top-right-radius:0;max-width:100%;max-height:3000px}}.bzfy-feed-gate-modal-video{display:block;width:50%}@media screen and (max-width:799px){.bzfy-feed-gate-modal-video{box-sizing:content-box;width:100%}}.bzfy-feed-gate-modal-video video{object-fit:contain}.bzfy-feed-gate-modal__content{position:relative;text-align:center;margin-top:auto;margin-bottom:auto;display:flex;justify-content:center;height:100%;overflow-y:auto;overflow-x:hidden;scrollbar-width:none;-ms-overflow-style:none}.bzfy-feed-gate-modal__content::-webkit-scrollbar{display:none}.bzfy-feed-gate-modal__content header{text-align:left;margin-bottom:20px}@media screen and (min-width:799px){.bzfy-feed-gate-modal__content{background:#fff;width:50%}.bzfy-feed-gate-modal--half .bzfy-feed-gate-modal__content{position:relative;top:auto;right:auto;width:100%}}@media screen and (max-width:799px){.bzfy-feed-gate-modal__content{margin:0;height:auto;margin-top:-20px;padding-top:0}}.bzfy-feed-gate-modal__products{margin-top:0;margin-bottom:0;flex-direction:column;position:absolute;right:0;top:0;justify-content:flex-start;overflow-x:hidden;overflow-y:scroll}@media screen and (min-width:799px){.bzfy-feed-gate-modal__products{height:100%}}@media screen and (max-width:799px){.bzfy-feed-gate-modal__products{position:relative;overflow:visible;margin:0;margin-top:-20px;padding-top:0;height:auto}}.bzfy-gate-powered-by{padding:5px 10px 3px;position:absolute;bottom:-30px;right:-10px}.bzfy-gate-powered-by-mobile{width:100%;height:30px;display:flex;justify-content:center;align-items:center;background-color:rgba(0,0,0,.5)}.bzfy-gate-powered-by__image{width:176px;height:22px;display:block;background-repeat:no-repeat!important;background-size:cover}.bzfy-report--alert{opacity:.5;color:#fff;cursor:pointer;transition:all .15s ease-in-out;fill:#fff;width:20px;border-radius:100%;background-color:#3c3c3c;height:20px;z-index:30;position:absolute;bottom:10px;left:10px}.bzfy-report--alert:hover{opacity:1}.bzfy-gate--report-view{direction:ltr;position:absolute;background-color:#fff;top:0;right:0;left:0;bottom:0;border-radius:4px;display:flex;flex-direction:column;overflow:auto;color:#000;font-size:14px;padding:20px;z-index:31}@media screen and (max-width:799px){.bzfy-gate--report-view{position:fixed;align-items:center}}.bzfy-gate--report-view__buttons{display:flex}.bzfy-gate--report-view__buttons--right{margin-left:auto}.bzfy-gate--report-view__button{border-radius:4px;border:1px solid #fff;color:#000;cursor:pointer;font-size:12px;font-weight:700;margin-right:10px;padding:10px 15px}.bzfy-gate--report-view__button:hover{border-color:#e4e4e4}.bzfy-gate--report-view__button:last-child{margin-right:0}.bzfy-gate--report-view__button--primary{background-color:#00a0ff;color:#fff}.bzfy-gate--report-view__button--primary:hover{background-color:#0090e6}.bzfy-gate--report-view .bzfy-gate--report-view-col{display:flex;flex-direction:column}.bzfy-gate--report-view .bzfy-gate--report-view-col--center{align-items:center;position:relative;top:50%;transform:translateY(-50%)}.bzfy-gate--report-view .bzfy-gate--report-view-col--bottom{margin-top:auto}.bzfy-gate--report-view .bzfy-gate--report-view-col>div{margin-bottom:20px}@media screen and (max-width:799px){.bzfy-gate--report-view .bzfy-gate--report-view-col{flex:initial;width:100%}}.bzfy-gate--report-view .bzfy-gate--report-view-col label{margin-bottom:10px}.bzfy-gate--report-view .bzfy-gate--report-view-col input{height:30px}.bzfy-gate--report-view .bzfy-gate--report-view-col textarea{max-width:100%;height:100px;resize:none}.bzfy-gate--report-view .bzfy-gate--report-view-col input,.bzfy-gate--report-view .bzfy-gate--report-view-col textarea{display:block;width:100%;color:#002033;background-color:#fff;margin:10px 0 20px;border:1px solid #e4e4e4;border-radius:4px;padding:10px;font-size:12px}.bzfy-gate--report-view__label,.bzfy-gate--report-view__title{font-weight:700}.bzfy-gate--report-view__error{color:#f66}.bzfy-gate--report-view.rtl *{direction:rtl!important}.bzfy-feed-gate-modal__profile-image{width:35px;height:35px;display:inline-block;border-radius:40px;background-size:cover;background-position:50%;background-repeat:no-repeat;background-color:#fff;position:relative}.bzfy-feed-gate-modal__heading{display:block;line-height:20px;font-weight:700;color:#000;margin-top:0;margin-bottom:0;font-size:14px}.bzfy-feed-gate-modal__tagline{display:inline-block;font-size:12px;opacity:.5;line-height:20px;color:#000;text-align:center}.bzfy-feed-gate-modal__contributor-details-link{color:#000;text-decoration:none}.bzfy-feed-gate-modal__contributor-details-link:hover{color:inherit;text-decoration:underline}.bzfy-feed-gate-modal__share{padding:5px;width:260px;height:40px;display:flex;flex-direction:row;align-items:center;backface-visibility:hidden;-webkit-backface-visibility:hidden}.bzfy-feed-gate-modal__share:hover span{opacity:0}.bzfy-feed-gate-modal__share:hover .bzfy-feed-gate-modal__share-button-holder{padding-left:2px;width:180px}.bzfy-feed-gate-modal__share-text{font-size:12px;font-weight:700;font-style:normal;font-stretch:normal;line-height:20px;color:#fff;transition:opacity .1s}@media screen and (max-width:799px){.bzfy-feed-gate-modal__share-text{color:#000}}.bzfy-feed-gate-modal__share-icon{margin-right:5px;line-height:20px}.bzfy-feed-gate-modal__share-icon path{fill:#fff}@media screen and (max-width:799px){.bzfy-feed-gate-modal__share-icon path{fill:#000}}.bzfy-feed-gate-modal__share-button-holder{width:0;transition:width .5s ease-in-out;display:flex;flex-direction:row;flex-wrap:nowrap;overflow-x:hidden}.bzfy-feed-gate-modal__share-button{border:none;background:#fff;border-radius:30px;padding:0;width:30px;min-width:30px;height:30px;line-height:26px;margin-right:10px;font-size:15px;z-index:100;color:#cbcbcb;cursor:pointer}.bzfy-feed-gate-modal__share-button:hover{color:#555;background-color:#f1f1f1}.bzfy-feed-gate-modal__social-commerce-button{border-radius:4px;height:40px;padding:10px 20px;line-height:40px;min-width:112px;font-weight:700;text-decoration:none}.bzfy-feed-gate-modal__social-commerce-button:visited{text-decoration:none}.bzfy-feed-gate-modal__social-commerce-button:active,.bzfy-feed-gate-modal__social-commerce-button:hover{text-decoration:none;opacity:.75}.bzfy-feed-gate-control{position:absolute;left:40px;top:50%;width:50px;height:50px;line-height:50px;transform:translateY(-50%);border-radius:50%;border:none;background-color:#fff;color:#fff;font-size:20px;cursor:pointer;opacity:0;transition:opacity 425ms ease-out}@media screen and (max-width:799px){.bzfy-feed-gate-control{display:none}}@media screen and (min-width:799px) and (max-width:1023px){.bzfy-feed-gate-control{display:none}}.bzfy-feed-gate-control--right{left:auto;right:40px}.bzfy-feed-gate-control--visible{opacity:1;transition-delay:625ms}.bzfy-feed-banner{padding:20px;text-align:center;position:relative}.bzfy-feed-banner__tagline{margin:0 110px 10px;line-height:1}.bzfy-feed-card-banner__tagline{margin:0 0 10px;line-height:1}.bzfy-feed-banner__logo{position:absolute;left:20px;top:50%;transform:translateY(-50%);width:100px;height:100px;object-fit:contain}@media screen and (max-width:500px){.bzfy-feed-banner--hidelogo .bzfy-feed-banner__logo{display:none}}@media screen and (max-width:500px){.bzfy-c-carousel-slider-wrapper__inner{padding:0!important}.bzfy-t-feed-carousel .bzfy-c-carousel-control{width:30px!important;height:30px!important;line-height:34px!important;padding:0!important;left:5px!important}.bzfy-t-feed-carousel .bzfy-c-carousel-control--right{left:auto!important;right:5px!important}.bzfy-feed-banner:last-child,.bzfy-feed-banner__tagline{margin:0 30px 10px}}.bzfy-gate-product-info{display:flex;flex-direction:column;justify-content:center;text-align:left}@media screen and (max-width:799px){.bzfy-gate-product-info{text-align:center;align-items:center}}.bzfy-gate-product-price{font-size:14px;line-height:20px;color:#000}.bzfy-gate-product-price.bzfy-gate-product-sale-price{color:#f66;margin-left:5px;font-weight:700}.bzfy-gate-product-price.bzfy-gate-product-outofstock{color:#ccc;font-weight:500;margin-left:5px}.bzfy-gate-product-list{display:flex;flex-direction:column;align-items:flex-start}.bzfy-gate-product-list.solo-product{flex-wrap:wrap;flex-direction:row;justify-content:space-around;align-items:center}.bzfy-gate-top-bar{width:100%;height:40px;position:absolute;top:-40px;display:flex;flex-direction:row-reverse;justify-content:space-between}@media screen and (max-width:799px){.bzfy-gate-top-bar{background-color:#fff}}.bzfy-gate-product-sale-icon{width:40px;height:40px;background-color:#f66;position:absolute;top:-10px;right:-10px;line-height:20px;border-radius:20px;font-size:10px;font-weight:700;color:#fff;padding-top:10px}.bzfy-gate-product{border-bottom:1px solid #e4e4e4;display:flex;flex-direction:row;background-color:#fff;padding-bottom:20px;margin-bottom:20px;width:100%}.bzfy-gate-product .bzfy-gate-product-image-link{margin-right:20px;width:100px;min-width:100px;height:100px;border-radius:4px;background-size:contain;background-position:50%;background-repeat:no-repeat;cursor:pointer;transition:.2s ease-out}@media screen and (max-width:799px){.bzfy-gate-product .bzfy-gate-product-image-link{margin-right:0;width:150px;height:150px;margin-bottom:20px}}@media screen and (min-width:799px){.bzfy-gate-product .bzfy-gate-product-image-link:hover{transform:scale(1.1);box-shadow:0 2px 4px 0 rgba(0,0,0,.1)}}.bzfy-gate-product.solo-product{border-bottom:none;flex-direction:column;justify-content:center;align-items:center;width:220px;flex-basis:220px;padding-bottom:0}.bzfy-gate-product.solo-product .bzfy-gate-product-image-link{margin-right:0;margin-bottom:20px;height:150px;width:150px}.bzfy-gate-product.solo-product .bzfy-gate-product-info{align-items:center;text-align:center}.bzfy-gate-product.solo-product .bzfy-gate-product-buy-button{align-self:center}@media screen and (max-width:799px){.bzfy-gate-product{flex-direction:column;align-items:center}}.bzfy-gate-product-buy-button{align-self:flex-start;padding:0 20px;height:30px;border-radius:5px;background-color:#000;font-size:14px;font-weight:700;line-height:30px;text-decoration:none;text-align:center;color:#fff;border:0;margin-top:10px}.bzfy-gate-product-buy-button:active,.bzfy-gate-product-buy-button:hover{opacity:.7;color:#fff}@media screen and (max-width:799px){.bzfy-gate-product-buy-button{align-self:center}}.bzfy-gate-product-name{font-size:14px;font-weight:700;line-height:20px;color:#000;word-break:break-word;overflow:hidden}.bzfy-gate-product-title{width:100%;padding-bottom:20px;background-color:#fff}.bzfy-gate-product-title-label-holder{display:flex;flex-direction:column;text-align:left}.bzfy-gate-product-title-label{font-size:20px;line-height:30px;color:#000}.bzfy-gate-product-title-label.solo-product{text-align:center}@media screen and (max-width:799px){.bzfy-gate-product-title-label{text-align:center}}.bzfy-gate-info{display:block;width:100%;margin-top:auto;margin-bottom:auto;padding:40px}@media screen and (max-width:799px){.bzfy-gate-info{padding:0 20px 20px}}.bzfy-gate-info div{text-align:center}@media screen and (max-width:799px){.bzfy-gate-info div{user-select:none;padding-top:0;font-size:14px}}.bzfy-gate-info div:not(:last-child):not(.bzfy-media__img){margin-bottom:20px}.bzfy-gate-info .bz-gate-post-text{user-select:auto;margin-bottom:20px;text-overflow:ellipsis;word-break:break-word;line-height:20px}.bzfy-info-interactions{font-size:12px;color:#000;display:flex;height:20px;align-items:center;justify-content:center}.bzfy-info-interactions.with-products{justify-content:flex-start;margin-bottom:10px}@media screen and (max-width:799px){.bzfy-info-interactions.with-products{justify-content:center}}.bzfy-info-interactions span{display:flex;align-items:center;word-break:keep-all}.bzfy-info-interactions span:not(:first-child){margin-left:10px}.bzfy-info-interactions .bzfy-icon{margin-right:5px}.bzfy-products-holder{padding:0 40px;flex:1}.bzfy-gate-info--products{width:100%;padding:20px 40px 10px;font-size:14px;color:#000;border-bottom-left-radius:4px;opacity:1;text-align:left;border-bottom:1px solid #e4e4e4;margin-bottom:20px}@media screen and (max-width:799px){.bzfy-gate-info--products{padding:0 20px 20px;display:flex;flex-direction:column;justify-content:center;align-items:center;text-align:center}}.bzfy-gate-info--products .bz-gate-post-text{max-width:100%;user-select:auto;line-height:20px;overflow:hidden;position:relative;padding-bottom:10px;cursor:pointer;transition:height .35s ease-in-out}.bzfy-gate-info--products .bz-gate-post-text div#gate-post-text{width:100%}.bzfy-gate-info--products .bz-gate-post-text div#gate-post-text span{word-wrap:break-word}.bzfy-gate-info--products .bz-gate-post-text .bz-gate-post-expander-arrow{position:absolute;bottom:0;height:20;background-color:#fff;width:100%;display:flex;align-items:center;justify-content:center}.bzfy-gate-info--products .bz-gate-post-text .bz-gate-post-expander-arrow .bzfy-icon{transition:transform .25s linear}.bzfy-gate-info--products .bz-gate-post-text .bz-gate-post-expander-arrow .bzfy-icon.closed{transform:rotate(90deg)}.bzfy-gate-info--products .bz-gate-post-text .bz-gate-post-expander-arrow .bzfy-icon.open{transform:rotate(-90deg)}.bzfy-gate-info--products .bz-gate-post-text-fade{width:100%;height:100%;position:absolute;left:0;bottom:10px;background:linear-gradient(hsla(0,0%,100%,.001),#fff)}.bzfy-gate-info--products.hidden{padding:0;max-height:0;opacity:0}.bzfy-gate-info--products a{color:#000}.bzfy-gate-info--products a:hover{color:#cbcbcb}.bzfy-gate-info--products header{margin-bottom:20px}.bzfy-gate-info--products p{margin:0}.bz-gate-nav-button-container{display:none}@media screen and (max-width:799px){.bz-gate-nav-button-container{width:100%;display:flex;flex-direction:row;border:1px solid #e4e4e4}}.bz-gate-nav-buttons{display:flex;flex-direction:row;justify-content:center;align-items:center;padding:0 20px;border:none;height:40px;width:50%;background-color:#fff;font-size:14px;color:#002033}.bz-react-gate-image-preview-container{display:none}@media screen and (max-width:799px){.bz-react-gate-image-preview-container{display:flex;flex-direction:row;flex-wrap:wrap;width:100%}}.bz-react-gate-image-preview-view-all-header{margin-bottom:20px;font-size:20px;line-height:30px;text-align:center}.bz-react-gate-image-preview-view-all,.bz-react-gate-image-preview-view-all-header{display:flex;flex-direction:row;justify-content:center;align-items:center;width:100%;background-color:#fff;color:#002033;border-radius:0}.bz-react-gate-image-preview-view-all{height:40px;font-size:14px}.bzfy-gate-preview-image-container{width:50%;padding-top:50%;padding-bottom:2px;padding-top:2px;background-color:#fff}.bzfy-gate-preview-autoplay-video{width:100%}.bzfy-c-autoplay-video{background-color:#000}.bzfy-c-autoplay-video,.bzfy-c-autoplay-video iframe,.bzfy-c-autoplay-video video{position:absolute;top:0;left:0;width:100%;height:100%}.bzfy-o-likes{display:none}.bzfy-o-post-image{width:100%;height:100%;object-fit:cover}.post-type-indicator{position:absolute;top:10px;right:10px;width:20px;height:20px;opacity:.7}.post-type-indicator g{fill:#fff}.flbx-body-lock{overflow-y:hidden;overflow-x:hidden}.bzfy-powered-by{padding:0 20px;text-align:right;width:100%;height:30px;overflow:hidden}.bzfy-powered-by__image{width:130px;float:right;height:0;display:block;padding-bottom:16.66667%;background-size:100%;background-repeat:no-repeat!important}.bzfy-o-container{margin:0 auto;position:relative}.bzfy-o-context *{box-sizing:border-box}.bzfy-feed h1,.bzfy-feed h2,.bzfy-feed h3,.bzfy-feed h4,.bzfy-feed h5,.bzfy-feed h6,.bzfy-feed li,.bzfy-feed ol,.bzfy-feed p,.bzfy-feed ul{font-size:inherit}.bzfy-feed a{text-decoration:none}.bzfy-o-context-display{height:100%}.bzfy-o-context-display .bzfy-powered-by{position:fixed;width:100%;bottom:.1em;right:.1em;background:hsla(0,0%,100%,.75);padding:.25em 1em;z-index:10000}.bzfy-u-text-bold{font-weight:700}</style><meta name="description" content="Musta Tee 50kpl, 100g, Lipton | Hyväksi luonnolle ja lompakolle – toimitamme koko Suomeen!"><style type="text/css">body.swal2-shown:not(.swal2-no-backdrop) {
  overflow-y: hidden; }

body.swal2-toast-shown {
  overflow-y: auto; }
  body.swal2-toast-shown.swal2-has-input > .swal2-container > .swal2-toast {
    -webkit-box-orient: vertical;
    -webkit-box-direction: normal;
        -ms-flex-direction: column;
            flex-direction: column; }
    body.swal2-toast-shown.swal2-has-input > .swal2-container > .swal2-toast .swal2-icon {
      margin: 0 0 15px; }
    body.swal2-toast-shown.swal2-has-input > .swal2-container > .swal2-toast .swal2-buttonswrapper {
      -webkit-box-flex: 1;
          -ms-flex: 1;
              flex: 1;
      -ms-flex-item-align: stretch;
          align-self: stretch;
      -webkit-box-pack: end;
          -ms-flex-pack: end;
              justify-content: flex-end; }
    body.swal2-toast-shown.swal2-has-input > .swal2-container > .swal2-toast .swal2-loading {
      -webkit-box-pack: center;
          -ms-flex-pack: center;
              justify-content: center; }
    body.swal2-toast-shown.swal2-has-input > .swal2-container > .swal2-toast .swal2-input {
      height: 32px;
      font-size: 14px;
      margin: 5px auto; }
  body.swal2-toast-shown > .swal2-container {
    position: fixed;
    background-color: transparent; }
    body.swal2-toast-shown > .swal2-container.swal2-shown {
      background-color: transparent; }
    body.swal2-toast-shown > .swal2-container.swal2-top {
      top: 0;
      left: 50%;
      bottom: auto;
      right: auto;
      -webkit-transform: translateX(-50%);
              transform: translateX(-50%); }
    body.swal2-toast-shown > .swal2-container.swal2-top-right {
      top: 0;
      left: auto;
      bottom: auto;
      right: 0; }
    body.swal2-toast-shown > .swal2-container.swal2-top-left {
      top: 0;
      left: 0;
      bottom: auto;
      right: auto; }
    body.swal2-toast-shown > .swal2-container.swal2-center-left {
      top: 50%;
      left: 0;
      bottom: auto;
      right: auto;
      -webkit-transform: translateY(-50%);
              transform: translateY(-50%); }
    body.swal2-toast-shown > .swal2-container.swal2-center {
      top: 50%;
      left: 50%;
      bottom: auto;
      right: auto;
      -webkit-transform: translate(-50%, -50%);
              transform: translate(-50%, -50%); }
    body.swal2-toast-shown > .swal2-container.swal2-center-right {
      top: 50%;
      left: auto;
      bottom: auto;
      right: 0;
      -webkit-transform: translateY(-50%);
              transform: translateY(-50%); }
    body.swal2-toast-shown > .swal2-container.swal2-bottom-left {
      top: auto;
      left: 0;
      bottom: 0;
      right: auto; }
    body.swal2-toast-shown > .swal2-container.swal2-bottom {
      top: auto;
      left: 50%;
      bottom: 0;
      right: auto;
      -webkit-transform: translateX(-50%);
              transform: translateX(-50%); }
    body.swal2-toast-shown > .swal2-container.swal2-bottom-right {
      top: auto;
      left: auto;
      bottom: 0;
      right: 0; }

body.swal2-iosfix {
  position: fixed;
  left: 0;
  right: 0; }

body.swal2-no-backdrop > .swal2-shown {
  top: auto;
  bottom: auto;
  left: auto;
  right: auto;
  background-color: transparent; }
  body.swal2-no-backdrop > .swal2-shown > .swal2-modal {
    -webkit-box-shadow: 0 0 10px rgba(0, 0, 0, 0.4);
            box-shadow: 0 0 10px rgba(0, 0, 0, 0.4); }
  body.swal2-no-backdrop > .swal2-shown.swal2-top {
    top: 0;
    left: 50%;
    -webkit-transform: translateX(-50%);
            transform: translateX(-50%); }
  body.swal2-no-backdrop > .swal2-shown.swal2-top-left {
    top: 0;
    left: 0; }
  body.swal2-no-backdrop > .swal2-shown.swal2-top-right {
    top: 0;
    right: 0; }
  body.swal2-no-backdrop > .swal2-shown.swal2-center {
    top: 50%;
    left: 50%;
    -webkit-transform: translate(-50%, -50%);
            transform: translate(-50%, -50%); }
  body.swal2-no-backdrop > .swal2-shown.swal2-center-left {
    top: 50%;
    left: 0;
    -webkit-transform: translateY(-50%);
            transform: translateY(-50%); }
  body.swal2-no-backdrop > .swal2-shown.swal2-center-right {
    top: 50%;
    right: 0;
    -webkit-transform: translateY(-50%);
            transform: translateY(-50%); }
  body.swal2-no-backdrop > .swal2-shown.swal2-bottom {
    bottom: 0;
    left: 50%;
    -webkit-transform: translateX(-50%);
            transform: translateX(-50%); }
  body.swal2-no-backdrop > .swal2-shown.swal2-bottom-left {
    bottom: 0;
    left: 0; }
  body.swal2-no-backdrop > .swal2-shown.swal2-bottom-right {
    bottom: 0;
    right: 0; }

.swal2-container {
  display: -webkit-box;
  display: -ms-flexbox;
  display: flex;
  -webkit-box-orient: horizontal;
  -webkit-box-direction: normal;
      -ms-flex-direction: row;
          flex-direction: row;
  -webkit-box-align: center;
      -ms-flex-align: center;
          align-items: center;
  -webkit-box-pack: center;
      -ms-flex-pack: center;
          justify-content: center;
  position: fixed;
  padding: 10px;
  top: 0;
  left: 0;
  right: 0;
  bottom: 0;
  background-color: transparent;
  z-index: 1060; }
  .swal2-container.swal2-top {
    -webkit-box-align: start;
        -ms-flex-align: start;
            align-items: flex-start; }
  .swal2-container.swal2-top-left {
    -webkit-box-align: start;
        -ms-flex-align: start;
            align-items: flex-start;
    -webkit-box-pack: start;
        -ms-flex-pack: start;
            justify-content: flex-start; }
  .swal2-container.swal2-top-right {
    -webkit-box-align: start;
        -ms-flex-align: start;
            align-items: flex-start;
    -webkit-box-pack: end;
        -ms-flex-pack: end;
            justify-content: flex-end; }
  .swal2-container.swal2-center {
    -webkit-box-align: center;
        -ms-flex-align: center;
            align-items: center; }
  .swal2-container.swal2-center-left {
    -webkit-box-align: center;
        -ms-flex-align: center;
            align-items: center;
    -webkit-box-pack: start;
        -ms-flex-pack: start;
            justify-content: flex-start; }
  .swal2-container.swal2-center-right {
    -webkit-box-align: center;
        -ms-flex-align: center;
            align-items: center;
    -webkit-box-pack: end;
        -ms-flex-pack: end;
            justify-content: flex-end; }
  .swal2-container.swal2-bottom {
    -webkit-box-align: end;
        -ms-flex-align: end;
            align-items: flex-end; }
  .swal2-container.swal2-bottom-left {
    -webkit-box-align: end;
        -ms-flex-align: end;
            align-items: flex-end;
    -webkit-box-pack: start;
        -ms-flex-pack: start;
            justify-content: flex-start; }
  .swal2-container.swal2-bottom-right {
    -webkit-box-align: end;
        -ms-flex-align: end;
            align-items: flex-end;
    -webkit-box-pack: end;
        -ms-flex-pack: end;
            justify-content: flex-end; }
  .swal2-container.swal2-grow-fullscreen > .swal2-modal {
    display: -webkit-box !important;
    display: -ms-flexbox !important;
    display: flex !important;
    -webkit-box-flex: 1;
        -ms-flex: 1;
            flex: 1;
    -ms-flex-item-align: stretch;
        align-self: stretch;
    -webkit-box-pack: center;
        -ms-flex-pack: center;
            justify-content: center; }
  .swal2-container.swal2-grow-row > .swal2-modal {
    display: -webkit-box !important;
    display: -ms-flexbox !important;
    display: flex !important;
    -webkit-box-flex: 1;
        -ms-flex: 1;
            flex: 1;
    -ms-flex-line-pack: center;
        align-content: center;
    -webkit-box-pack: center;
        -ms-flex-pack: center;
            justify-content: center; }
  .swal2-container.swal2-grow-column {
    -webkit-box-flex: 1;
        -ms-flex: 1;
            flex: 1;
    -webkit-box-orient: vertical;
    -webkit-box-direction: normal;
        -ms-flex-direction: column;
            flex-direction: column; }
    .swal2-container.swal2-grow-column.swal2-top, .swal2-container.swal2-grow-column.swal2-center, .swal2-container.swal2-grow-column.swal2-bottom {
      -webkit-box-align: center;
          -ms-flex-align: center;
              align-items: center; }
    .swal2-container.swal2-grow-column.swal2-top-left, .swal2-container.swal2-grow-column.swal2-center-left, .swal2-container.swal2-grow-column.swal2-bottom-left {
      -webkit-box-align: start;
          -ms-flex-align: start;
              align-items: flex-start; }
    .swal2-container.swal2-grow-column.swal2-top-right, .swal2-container.swal2-grow-column.swal2-center-right, .swal2-container.swal2-grow-column.swal2-bottom-right {
      -webkit-box-align: end;
          -ms-flex-align: end;
              align-items: flex-end; }
    .swal2-container.swal2-grow-column > .swal2-modal {
      display: -webkit-box !important;
      display: -ms-flexbox !important;
      display: flex !important;
      -webkit-box-flex: 1;
          -ms-flex: 1;
              flex: 1;
      -ms-flex-line-pack: center;
          align-content: center;
      -webkit-box-pack: center;
          -ms-flex-pack: center;
              justify-content: center; }
  .swal2-container:not(.swal2-top):not(.swal2-top-left):not(.swal2-top-right):not(.swal2-center-left):not(.swal2-center-right):not(.swal2-bottom):not(.swal2-bottom-left):not(.swal2-bottom-right) > .swal2-modal {
    margin: auto; }
  @media all and (-ms-high-contrast: none), (-ms-high-contrast: active) {
    .swal2-container .swal2-modal {
      margin: 0 !important; } }
  .swal2-container.swal2-fade {
    -webkit-transition: background-color .1s;
    transition: background-color .1s; }
  .swal2-container.swal2-shown {
    background-color: rgba(0, 0, 0, 0.4); }

.swal2-popup {
  -webkit-box-orient: vertical;
  -webkit-box-direction: normal;
      -ms-flex-direction: column;
          flex-direction: column;
  background-color: #fff;
  font-family: 'Helvetica Neue', Helvetica, Arial, sans-serif;
  border-radius: 5px;
  -webkit-box-sizing: border-box;
          box-sizing: border-box;
  text-align: center;
  overflow-x: hidden;
  overflow-y: auto;
  display: none;
  position: relative;
  max-width: 100%; }
  .swal2-popup.swal2-toast {
    width: 300px;
    padding: 0 15px;
    -webkit-box-orient: horizontal;
    -webkit-box-direction: normal;
        -ms-flex-direction: row;
            flex-direction: row;
    -webkit-box-align: center;
        -ms-flex-align: center;
            align-items: center;
    overflow-y: hidden;
    -webkit-box-shadow: 0 0 10px #d9d9d9;
            box-shadow: 0 0 10px #d9d9d9; }
    .swal2-popup.swal2-toast .swal2-title {
      max-width: 300px;
      font-size: 16px;
      text-align: left; }
    .swal2-popup.swal2-toast .swal2-content {
      font-size: 14px;
      text-align: left; }
    .swal2-popup.swal2-toast .swal2-icon {
      width: 32px;
      height: 32px;
      margin: 0 15px 0 0; }
      .swal2-popup.swal2-toast .swal2-icon.swal2-success .swal2-success-ring {
        width: 32px;
        height: 32px; }
      .swal2-popup.swal2-toast .swal2-icon.swal2-info, .swal2-popup.swal2-toast .swal2-icon.swal2-warning, .swal2-popup.swal2-toast .swal2-icon.swal2-question {
        font-size: 26px;
        line-height: 32px; }
      .swal2-popup.swal2-toast .swal2-icon.swal2-error [class^='swal2-x-mark-line'] {
        top: 14px;
        width: 22px; }
        .swal2-popup.swal2-toast .swal2-icon.swal2-error [class^='swal2-x-mark-line'][class$='left'] {
          left: 5px; }
        .swal2-popup.swal2-toast .swal2-icon.swal2-error [class^='swal2-x-mark-line'][class$='right'] {
          right: 5px; }
    .swal2-popup.swal2-toast .swal2-buttonswrapper {
      margin: 0 0 0 5px; }
    .swal2-popup.swal2-toast .swal2-styled {
      margin: 0 0 0 5px;
      padding: 5px 10px; }
      .swal2-popup.swal2-toast .swal2-styled:focus {
        -webkit-box-shadow: 0 0 0 1px #fff, 0 0 0 2px rgba(50, 100, 150, 0.4);
                box-shadow: 0 0 0 1px #fff, 0 0 0 2px rgba(50, 100, 150, 0.4); }
    .swal2-popup.swal2-toast .swal2-validationerror {
      width: 100%;
      margin: 5px -20px; }
    .swal2-popup.swal2-toast .swal2-success {
      border-color: #a5dc86; }
      .swal2-popup.swal2-toast .swal2-success [class^='swal2-success-circular-line'] {
        border-radius: 50%;
        position: absolute;
        width: 32px;
        height: 64px;
        -webkit-transform: rotate(45deg);
                transform: rotate(45deg); }
        .swal2-popup.swal2-toast .swal2-success [class^='swal2-success-circular-line'][class$='left'] {
          border-radius: 64px 0 0 64px;
          top: -4px;
          left: -15px;
          -webkit-transform: rotate(-45deg);
                  transform: rotate(-45deg);
          -webkit-transform-origin: 32px 32px;
                  transform-origin: 32px 32px; }
        .swal2-popup.swal2-toast .swal2-success [class^='swal2-success-circular-line'][class$='right'] {
          border-radius: 0 64px 64px 0;
          top: -5px;
          left: 14px;
          -webkit-transform-origin: 0 32px;
                  transform-origin: 0 32px; }
      .swal2-popup.swal2-toast .swal2-success .swal2-success-ring {
        width: 32px;
        height: 32px; }
      .swal2-popup.swal2-toast .swal2-success .swal2-success-fix {
        width: 7px;
        height: 90px;
        left: 28px;
        top: 8px; }
      .swal2-popup.swal2-toast .swal2-success [class^='swal2-success-line'] {
        height: 5px; }
        .swal2-popup.swal2-toast .swal2-success [class^='swal2-success-line'][class$='tip'] {
          width: 12px;
          left: 3px;
          top: 18px; }
        .swal2-popup.swal2-toast .swal2-success [class^='swal2-success-line'][class$='long'] {
          width: 22px;
          right: 3px;
          top: 15px; }
    .swal2-popup.swal2-toast .swal2-animate-success-line-tip {
      -webkit-animation: animate-toast-success-tip .75s;
              animation: animate-toast-success-tip .75s; }
    .swal2-popup.swal2-toast .swal2-animate-success-line-long {
      -webkit-animation: animate-toast-success-long .75s;
              animation: animate-toast-success-long .75s; }
  .swal2-popup:focus {
    outline: none; }
  .swal2-popup.swal2-loading {
    overflow-y: hidden; }
  .swal2-popup .swal2-title {
    color: #595959;
    font-size: 30px;
    text-align: center;
    font-weight: 600;
    text-transform: none;
    position: relative;
    margin: 0 0 .4em;
    padding: 0;
    display: block;
    word-wrap: break-word; }
  .swal2-popup .swal2-buttonswrapper {
    -webkit-box-align: center;
        -ms-flex-align: center;
            align-items: center;
    -webkit-box-pack: center;
        -ms-flex-pack: center;
            justify-content: center;
    margin-top: 15px; }
    .swal2-popup .swal2-buttonswrapper:not(.swal2-loading) .swal2-styled[disabled] {
      opacity: .4;
      cursor: no-drop; }
    .swal2-popup .swal2-buttonswrapper.swal2-loading .swal2-styled.swal2-confirm {
      -webkit-box-sizing: border-box;
              box-sizing: border-box;
      border: 4px solid transparent;
      border-color: transparent;
      width: 40px;
      height: 40px;
      padding: 0;
      margin: 7.5px;
      vertical-align: top;
      background-color: transparent !important;
      color: transparent;
      cursor: default;
      border-radius: 100%;
      -webkit-animation: rotate-loading 1.5s linear 0s infinite normal;
              animation: rotate-loading 1.5s linear 0s infinite normal;
      -webkit-user-select: none;
         -moz-user-select: none;
          -ms-user-select: none;
              user-select: none; }
    .swal2-popup .swal2-buttonswrapper.swal2-loading .swal2-styled.swal2-cancel {
      margin-left: 30px;
      margin-right: 30px; }
    .swal2-popup .swal2-buttonswrapper.swal2-loading :not(.swal2-styled).swal2-confirm::after {
      display: inline-block;
      content: '';
      margin-left: 5px;
      vertical-align: -1px;
      height: 15px;
      width: 15px;
      border: 3px solid #999999;
      -webkit-box-shadow: 1px 1px 1px #fff;
              box-shadow: 1px 1px 1px #fff;
      border-right-color: transparent;
      border-radius: 50%;
      -webkit-animation: rotate-loading 1.5s linear 0s infinite normal;
              animation: rotate-loading 1.5s linear 0s infinite normal; }
  .swal2-popup .swal2-styled {
    border: 0;
    border-radius: 3px;
    -webkit-box-shadow: none;
            box-shadow: none;
    color: #fff;
    cursor: pointer;
    font-size: 17px;
    font-weight: 500;
    margin: 15px 5px 0;
    padding: 10px 32px; }
    .swal2-popup .swal2-styled:focus {
      outline: none;
      -webkit-box-shadow: 0 0 0 2px #fff, 0 0 0 4px rgba(50, 100, 150, 0.4);
              box-shadow: 0 0 0 2px #fff, 0 0 0 4px rgba(50, 100, 150, 0.4); }
  .swal2-popup .swal2-image {
    margin: 20px auto;
    max-width: 100%; }
  .swal2-popup .swal2-close {
    background: transparent;
    border: 0;
    margin: 0;
    padding: 0;
    width: 38px;
    height: 40px;
    font-size: 36px;
    line-height: 40px;
    font-family: serif;
    position: absolute;
    top: 5px;
    right: 8px;
    cursor: pointer;
    color: #cccccc;
    -webkit-transition: color .1s ease;
    transition: color .1s ease; }
    .swal2-popup .swal2-close:hover {
      color: #d55; }
  .swal2-popup > .swal2-input,
  .swal2-popup > .swal2-file,
  .swal2-popup > .swal2-textarea,
  .swal2-popup > .swal2-select,
  .swal2-popup > .swal2-radio,
  .swal2-popup > .swal2-checkbox {
    display: none; }
  .swal2-popup .swal2-content {
    font-size: 18px;
    text-align: center;
    font-weight: 300;
    position: relative;
    float: none;
    margin: 0;
    padding: 0;
    line-height: normal;
    color: #545454;
    word-wrap: break-word; }
  .swal2-popup .swal2-input,
  .swal2-popup .swal2-file,
  .swal2-popup .swal2-textarea,
  .swal2-popup .swal2-select,
  .swal2-popup .swal2-radio,
  .swal2-popup .swal2-checkbox {
    margin: 20px auto; }
  .swal2-popup .swal2-input,
  .swal2-popup .swal2-file,
  .swal2-popup .swal2-textarea {
    width: 100%;
    -webkit-box-sizing: border-box;
            box-sizing: border-box;
    font-size: 18px;
    border-radius: 3px;
    border: 1px solid #d9d9d9;
    -webkit-box-shadow: inset 0 1px 1px rgba(0, 0, 0, 0.06);
            box-shadow: inset 0 1px 1px rgba(0, 0, 0, 0.06);
    -webkit-transition: border-color .3s, -webkit-box-shadow .3s;
    transition: border-color .3s, -webkit-box-shadow .3s;
    transition: border-color .3s, box-shadow .3s;
    transition: border-color .3s, box-shadow .3s, -webkit-box-shadow .3s; }
    .swal2-popup .swal2-input.swal2-inputerror,
    .swal2-popup .swal2-file.swal2-inputerror,
    .swal2-popup .swal2-textarea.swal2-inputerror {
      border-color: #f27474 !important;
      -webkit-box-shadow: 0 0 2px #f27474 !important;
              box-shadow: 0 0 2px #f27474 !important; }
    .swal2-popup .swal2-input:focus,
    .swal2-popup .swal2-file:focus,
    .swal2-popup .swal2-textarea:focus {
      outline: none;
      border: 1px solid #b4dbed;
      -webkit-box-shadow: 0 0 3px #c4e6f5;
              box-shadow: 0 0 3px #c4e6f5; }
    .swal2-popup .swal2-input::-webkit-input-placeholder,
    .swal2-popup .swal2-file::-webkit-input-placeholder,
    .swal2-popup .swal2-textarea::-webkit-input-placeholder {
      color: #cccccc; }
    .swal2-popup .swal2-input:-ms-input-placeholder,
    .swal2-popup .swal2-file:-ms-input-placeholder,
    .swal2-popup .swal2-textarea:-ms-input-placeholder {
      color: #cccccc; }
    .swal2-popup .swal2-input::-ms-input-placeholder,
    .swal2-popup .swal2-file::-ms-input-placeholder,
    .swal2-popup .swal2-textarea::-ms-input-placeholder {
      color: #cccccc; }
    .swal2-popup .swal2-input::placeholder,
    .swal2-popup .swal2-file::placeholder,
    .swal2-popup .swal2-textarea::placeholder {
      color: #cccccc; }
  .swal2-popup .swal2-range input {
    float: left;
    width: 80%; }
  .swal2-popup .swal2-range output {
    float: right;
    width: 20%;
    font-size: 20px;
    font-weight: 600;
    text-align: center; }
  .swal2-popup .swal2-range input,
  .swal2-popup .swal2-range output {
    height: 43px;
    line-height: 43px;
    vertical-align: middle;
    margin: 20px auto;
    padding: 0; }
  .swal2-popup .swal2-input {
    height: 43px;
    padding: 0 12px; }
    .swal2-popup .swal2-input[type='number'] {
      max-width: 150px; }
  .swal2-popup .swal2-file {
    font-size: 20px; }
  .swal2-popup .swal2-textarea {
    height: 108px;
    padding: 12px; }
  .swal2-popup .swal2-select {
    color: #545454;
    font-size: inherit;
    padding: 5px 10px;
    min-width: 40%;
    max-width: 100%; }
  .swal2-popup .swal2-radio {
    border: 0; }
    .swal2-popup .swal2-radio label:not(:first-child) {
      margin-left: 20px; }
    .swal2-popup .swal2-radio input,
    .swal2-popup .swal2-radio span {
      vertical-align: middle; }
    .swal2-popup .swal2-radio input {
      margin: 0 3px 0 0; }
  .swal2-popup .swal2-checkbox {
    color: #545454; }
    .swal2-popup .swal2-checkbox input,
    .swal2-popup .swal2-checkbox span {
      vertical-align: middle; }
  .swal2-popup .swal2-validationerror {
    background-color: #f0f0f0;
    margin: 0 -20px;
    overflow: hidden;
    padding: 10px;
    color: gray;
    font-size: 16px;
    font-weight: 300;
    display: none; }
    .swal2-popup .swal2-validationerror::before {
      content: '!';
      display: inline-block;
      width: 24px;
      height: 24px;
      border-radius: 50%;
      background-color: #ea7d7d;
      color: #fff;
      line-height: 24px;
      text-align: center;
      margin-right: 10px; }

@supports (-ms-accelerator: true) {
  .swal2-range input {
    width: 100% !important; }
  .swal2-range output {
    display: none; } }

@media all and (-ms-high-contrast: none), (-ms-high-contrast: active) {
  .swal2-range input {
    width: 100% !important; }
  .swal2-range output {
    display: none; } }

.swal2-icon {
  width: 80px;
  height: 80px;
  border: 4px solid transparent;
  border-radius: 50%;
  margin: 20px auto 30px;
  padding: 0;
  position: relative;
  -webkit-box-sizing: content-box;
          box-sizing: content-box;
  cursor: default;
  -webkit-user-select: none;
     -moz-user-select: none;
      -ms-user-select: none;
          user-select: none; }
  .swal2-icon.swal2-error {
    border-color: #f27474; }
    .swal2-icon.swal2-error .swal2-x-mark {
      position: relative;
      display: block; }
    .swal2-icon.swal2-error [class^='swal2-x-mark-line'] {
      position: absolute;
      height: 5px;
      width: 47px;
      background-color: #f27474;
      display: block;
      top: 37px;
      border-radius: 2px; }
      .swal2-icon.swal2-error [class^='swal2-x-mark-line'][class$='left'] {
        -webkit-transform: rotate(45deg);
                transform: rotate(45deg);
        left: 17px; }
      .swal2-icon.swal2-error [class^='swal2-x-mark-line'][class$='right'] {
        -webkit-transform: rotate(-45deg);
                transform: rotate(-45deg);
        right: 16px; }
  .swal2-icon.swal2-warning {
    font-family: 'Helvetica Neue', Helvetica, Arial, sans-serif;
    color: #f8bb86;
    border-color: #facea8;
    font-size: 60px;
    line-height: 80px;
    text-align: center; }
  .swal2-icon.swal2-info {
    font-family: 'Open Sans', sans-serif;
    color: #3fc3ee;
    border-color: #9de0f6;
    font-size: 60px;
    line-height: 80px;
    text-align: center; }
  .swal2-icon.swal2-question {
    font-family: 'Helvetica Neue', Helvetica, Arial, sans-serif;
    color: #87adbd;
    border-color: #c9dae1;
    font-size: 60px;
    line-height: 80px;
    text-align: center; }
  .swal2-icon.swal2-success {
    border-color: #a5dc86; }
    .swal2-icon.swal2-success [class^='swal2-success-circular-line'] {
      border-radius: 50%;
      position: absolute;
      width: 60px;
      height: 120px;
      -webkit-transform: rotate(45deg);
              transform: rotate(45deg); }
      .swal2-icon.swal2-success [class^='swal2-success-circular-line'][class$='left'] {
        border-radius: 120px 0 0 120px;
        top: -7px;
        left: -33px;
        -webkit-transform: rotate(-45deg);
                transform: rotate(-45deg);
        -webkit-transform-origin: 60px 60px;
                transform-origin: 60px 60px; }
      .swal2-icon.swal2-success [class^='swal2-success-circular-line'][class$='right'] {
        border-radius: 0 120px 120px 0;
        top: -11px;
        left: 30px;
        -webkit-transform: rotate(-45deg);
                transform: rotate(-45deg);
        -webkit-transform-origin: 0 60px;
                transform-origin: 0 60px; }
    .swal2-icon.swal2-success .swal2-success-ring {
      width: 80px;
      height: 80px;
      border: 4px solid rgba(165, 220, 134, 0.2);
      border-radius: 50%;
      -webkit-box-sizing: content-box;
              box-sizing: content-box;
      position: absolute;
      left: -4px;
      top: -4px;
      z-index: 2; }
    .swal2-icon.swal2-success .swal2-success-fix {
      width: 7px;
      height: 90px;
      position: absolute;
      left: 28px;
      top: 8px;
      z-index: 1;
      -webkit-transform: rotate(-45deg);
              transform: rotate(-45deg); }
    .swal2-icon.swal2-success [class^='swal2-success-line'] {
      height: 5px;
      background-color: #a5dc86;
      display: block;
      border-radius: 2px;
      position: absolute;
      z-index: 2; }
      .swal2-icon.swal2-success [class^='swal2-success-line'][class$='tip'] {
        width: 25px;
        left: 14px;
        top: 46px;
        -webkit-transform: rotate(45deg);
                transform: rotate(45deg); }
      .swal2-icon.swal2-success [class^='swal2-success-line'][class$='long'] {
        width: 47px;
        right: 8px;
        top: 38px;
        -webkit-transform: rotate(-45deg);
                transform: rotate(-45deg); }

.swal2-progresssteps {
  font-weight: 600;
  margin: 0 0 20px;
  padding: 0; }
  .swal2-progresssteps li {
    display: inline-block;
    position: relative; }
  .swal2-progresssteps .swal2-progresscircle {
    background: #3085d6;
    border-radius: 2em;
    color: #fff;
    height: 2em;
    line-height: 2em;
    text-align: center;
    width: 2em;
    z-index: 20; }
    .swal2-progresssteps .swal2-progresscircle:first-child {
      margin-left: 0; }
    .swal2-progresssteps .swal2-progresscircle:last-child {
      margin-right: 0; }
    .swal2-progresssteps .swal2-progresscircle.swal2-activeprogressstep {
      background: #3085d6; }
      .swal2-progresssteps .swal2-progresscircle.swal2-activeprogressstep ~ .swal2-progresscircle {
        background: #add8e6; }
      .swal2-progresssteps .swal2-progresscircle.swal2-activeprogressstep ~ .swal2-progressline {
        background: #add8e6; }
  .swal2-progresssteps .swal2-progressline {
    background: #3085d6;
    height: .4em;
    margin: 0 -1px;
    z-index: 10; }

[class^='swal2'] {
  -webkit-tap-highlight-color: transparent; }

@-webkit-keyframes showSweetToast {
  0% {
    -webkit-transform: translateY(-10px) rotateZ(2deg);
            transform: translateY(-10px) rotateZ(2deg);
    opacity: 0; }
  33% {
    -webkit-transform: translateY(0) rotateZ(-2deg);
            transform: translateY(0) rotateZ(-2deg);
    opacity: .5; }
  66% {
    -webkit-transform: translateY(5px) rotateZ(2deg);
            transform: translateY(5px) rotateZ(2deg);
    opacity: .7; }
  100% {
    -webkit-transform: translateY(0) rotateZ(0);
            transform: translateY(0) rotateZ(0);
    opacity: 1; } }

@keyframes showSweetToast {
  0% {
    -webkit-transform: translateY(-10px) rotateZ(2deg);
            transform: translateY(-10px) rotateZ(2deg);
    opacity: 0; }
  33% {
    -webkit-transform: translateY(0) rotateZ(-2deg);
            transform: translateY(0) rotateZ(-2deg);
    opacity: .5; }
  66% {
    -webkit-transform: translateY(5px) rotateZ(2deg);
            transform: translateY(5px) rotateZ(2deg);
    opacity: .7; }
  100% {
    -webkit-transform: translateY(0) rotateZ(0);
            transform: translateY(0) rotateZ(0);
    opacity: 1; } }

@-webkit-keyframes hideSweetToast {
  0% {
    opacity: 1; }
  33% {
    opacity: .5; }
  100% {
    -webkit-transform: rotateZ(1deg);
            transform: rotateZ(1deg);
    opacity: 0; } }

@keyframes hideSweetToast {
  0% {
    opacity: 1; }
  33% {
    opacity: .5; }
  100% {
    -webkit-transform: rotateZ(1deg);
            transform: rotateZ(1deg);
    opacity: 0; } }

@-webkit-keyframes showSweetAlert {
  0% {
    -webkit-transform: scale(0.7);
            transform: scale(0.7); }
  45% {
    -webkit-transform: scale(1.05);
            transform: scale(1.05); }
  80% {
    -webkit-transform: scale(0.95);
            transform: scale(0.95); }
  100% {
    -webkit-transform: scale(1);
            transform: scale(1); } }

@keyframes showSweetAlert {
  0% {
    -webkit-transform: scale(0.7);
            transform: scale(0.7); }
  45% {
    -webkit-transform: scale(1.05);
            transform: scale(1.05); }
  80% {
    -webkit-transform: scale(0.95);
            transform: scale(0.95); }
  100% {
    -webkit-transform: scale(1);
            transform: scale(1); } }

@-webkit-keyframes hideSweetAlert {
  0% {
    -webkit-transform: scale(1);
            transform: scale(1);
    opacity: 1; }
  100% {
    -webkit-transform: scale(0.5);
            transform: scale(0.5);
    opacity: 0; } }

@keyframes hideSweetAlert {
  0% {
    -webkit-transform: scale(1);
            transform: scale(1);
    opacity: 1; }
  100% {
    -webkit-transform: scale(0.5);
            transform: scale(0.5);
    opacity: 0; } }

.swal2-show {
  -webkit-animation: showSweetAlert .3s;
          animation: showSweetAlert .3s; }
  .swal2-show.swal2-toast {
    -webkit-animation: showSweetToast .5s;
            animation: showSweetToast .5s; }
  .swal2-show.swal2-noanimation {
    -webkit-animation: none;
            animation: none; }

.swal2-hide {
  -webkit-animation: hideSweetAlert .15s forwards;
          animation: hideSweetAlert .15s forwards; }
  .swal2-hide.swal2-toast {
    -webkit-animation: hideSweetToast .2s forwards;
            animation: hideSweetToast .2s forwards; }
  .swal2-hide.swal2-noanimation {
    -webkit-animation: none;
            animation: none; }

@-webkit-keyframes animate-success-tip {
  0% {
    width: 0;
    left: 1px;
    top: 19px; }
  54% {
    width: 0;
    left: 1px;
    top: 19px; }
  70% {
    width: 50px;
    left: -8px;
    top: 37px; }
  84% {
    width: 17px;
    left: 21px;
    top: 48px; }
  100% {
    width: 25px;
    left: 14px;
    top: 45px; } }

@keyframes animate-success-tip {
  0% {
    width: 0;
    left: 1px;
    top: 19px; }
  54% {
    width: 0;
    left: 1px;
    top: 19px; }
  70% {
    width: 50px;
    left: -8px;
    top: 37px; }
  84% {
    width: 17px;
    left: 21px;
    top: 48px; }
  100% {
    width: 25px;
    left: 14px;
    top: 45px; } }

@-webkit-keyframes animate-success-long {
  0% {
    width: 0;
    right: 46px;
    top: 54px; }
  65% {
    width: 0;
    right: 46px;
    top: 54px; }
  84% {
    width: 55px;
    right: 0;
    top: 35px; }
  100% {
    width: 47px;
    right: 8px;
    top: 38px; } }

@keyframes animate-success-long {
  0% {
    width: 0;
    right: 46px;
    top: 54px; }
  65% {
    width: 0;
    right: 46px;
    top: 54px; }
  84% {
    width: 55px;
    right: 0;
    top: 35px; }
  100% {
    width: 47px;
    right: 8px;
    top: 38px; } }

@-webkit-keyframes animate-toast-success-tip {
  0% {
    width: 0;
    left: 1px;
    top: 9px; }
  54% {
    width: 0;
    left: 1px;
    top: 9px; }
  70% {
    width: 24px;
    left: -4px;
    top: 17px; }
  84% {
    width: 8px;
    left: 10px;
    top: 20px; }
  100% {
    width: 12px;
    left: 3px;
    top: 18px; } }

@keyframes animate-toast-success-tip {
  0% {
    width: 0;
    left: 1px;
    top: 9px; }
  54% {
    width: 0;
    left: 1px;
    top: 9px; }
  70% {
    width: 24px;
    left: -4px;
    top: 17px; }
  84% {
    width: 8px;
    left: 10px;
    top: 20px; }
  100% {
    width: 12px;
    left: 3px;
    top: 18px; } }

@-webkit-keyframes animate-toast-success-long {
  0% {
    width: 0;
    right: 22px;
    top: 26px; }
  65% {
    width: 0;
    right: 22px;
    top: 26px; }
  84% {
    width: 26px;
    right: 0;
    top: 15px; }
  100% {
    width: 22px;
    right: 3px;
    top: 15px; } }

@keyframes animate-toast-success-long {
  0% {
    width: 0;
    right: 22px;
    top: 26px; }
  65% {
    width: 0;
    right: 22px;
    top: 26px; }
  84% {
    width: 26px;
    right: 0;
    top: 15px; }
  100% {
    width: 22px;
    right: 3px;
    top: 15px; } }

@-webkit-keyframes rotatePlaceholder {
  0% {
    -webkit-transform: rotate(-45deg);
            transform: rotate(-45deg); }
  5% {
    -webkit-transform: rotate(-45deg);
            transform: rotate(-45deg); }
  12% {
    -webkit-transform: rotate(-405deg);
            transform: rotate(-405deg); }
  100% {
    -webkit-transform: rotate(-405deg);
            transform: rotate(-405deg); } }

@keyframes rotatePlaceholder {
  0% {
    -webkit-transform: rotate(-45deg);
            transform: rotate(-45deg); }
  5% {
    -webkit-transform: rotate(-45deg);
            transform: rotate(-45deg); }
  12% {
    -webkit-transform: rotate(-405deg);
            transform: rotate(-405deg); }
  100% {
    -webkit-transform: rotate(-405deg);
            transform: rotate(-405deg); } }

.swal2-animate-success-line-tip {
  -webkit-animation: animate-success-tip .75s;
          animation: animate-success-tip .75s; }

.swal2-animate-success-line-long {
  -webkit-animation: animate-success-long .75s;
          animation: animate-success-long .75s; }

.swal2-success.swal2-animate-success-icon .swal2-success-circular-line-right {
  -webkit-animation: rotatePlaceholder 4.25s ease-in;
          animation: rotatePlaceholder 4.25s ease-in; }

@-webkit-keyframes animate-error-icon {
  0% {
    -webkit-transform: rotateX(100deg);
            transform: rotateX(100deg);
    opacity: 0; }
  100% {
    -webkit-transform: rotateX(0deg);
            transform: rotateX(0deg);
    opacity: 1; } }

@keyframes animate-error-icon {
  0% {
    -webkit-transform: rotateX(100deg);
            transform: rotateX(100deg);
    opacity: 0; }
  100% {
    -webkit-transform: rotateX(0deg);
            transform: rotateX(0deg);
    opacity: 1; } }

.swal2-animate-error-icon {
  -webkit-animation: animate-error-icon .5s;
          animation: animate-error-icon .5s; }

@-webkit-keyframes animate-x-mark {
  0% {
    -webkit-transform: scale(0.4);
            transform: scale(0.4);
    margin-top: 26px;
    opacity: 0; }
  50% {
    -webkit-transform: scale(0.4);
            transform: scale(0.4);
    margin-top: 26px;
    opacity: 0; }
  80% {
    -webkit-transform: scale(1.15);
            transform: scale(1.15);
    margin-top: -6px; }
  100% {
    -webkit-transform: scale(1);
            transform: scale(1);
    margin-top: 0;
    opacity: 1; } }

@keyframes animate-x-mark {
  0% {
    -webkit-transform: scale(0.4);
            transform: scale(0.4);
    margin-top: 26px;
    opacity: 0; }
  50% {
    -webkit-transform: scale(0.4);
            transform: scale(0.4);
    margin-top: 26px;
    opacity: 0; }
  80% {
    -webkit-transform: scale(1.15);
            transform: scale(1.15);
    margin-top: -6px; }
  100% {
    -webkit-transform: scale(1);
            transform: scale(1);
    margin-top: 0;
    opacity: 1; } }

.swal2-animate-x-mark {
  -webkit-animation: animate-x-mark .5s;
          animation: animate-x-mark .5s; }

@-webkit-keyframes rotate-loading {
  0% {
    -webkit-transform: rotate(0deg);
            transform: rotate(0deg); }
  100% {
    -webkit-transform: rotate(360deg);
            transform: rotate(360deg); } }

@keyframes rotate-loading {
  0% {
    -webkit-transform: rotate(0deg);
            transform: rotate(0deg); }
  100% {
    -webkit-transform: rotate(360deg);
            transform: rotate(360deg); } }
</style><script src="./tea_files/f(1).txt"></script><script src="./tea_files/f(2).txt"></script><link type="text/css" rel="stylesheet" charset="UTF-8" href="./tea_files/translateelement.css"><script async="" src="./tea_files/modules.8d61e969c7deff2570c5.js.download" charset="utf-8"></script><style type="text/css">iframe#_hjRemoteVarsFrame {display: none !important; width: 1px !important; height: 1px !important; opacity: 0 !important; pointer-events: none !important;}</style><style type="text/css">body.dixa-widget-small-open {overflow: hidden; position: fixed; overflow-y: hidden; width: 100%;height:100%;}</style></head><body data-new-gr-c-s-check-loaded="14.983.0" cz-shortcut-listen="true"><noscript>You need to enable JavaScript to run this app.</noscript><div id="root"><div><div class="App App--FI App--motatos default-layout"><div><div><noscript>
        <iframe src="https://www.googletagmanager.com/ns.html?id=GTM-KFZQSJL"
            height="0" width="0" style="display:none;visibility:hidden"></iframe></noscript></div><div id="react-google-tag-manager-gtm"><script>
        (function(w,d,s,l,i){w[l]=w[l]||[];
            w[l].push({'gtm.start': new Date().getTime(),event:'gtm.js', });
            var f=d.getElementsByTagName(s)[0],j=d.createElement(s),dl=l!='dataLayer'?'&l='+l:'';
            j.async=true;j.src='https://www.googletagmanager.com/gtm.js?id='+i+dl
            ;
            f.parentNode.insertBefore(j,f);
        })(window,document,'script','dataLayer','GTM-KFZQSJL');</script></div></div><div class="main-menu main-menu--mobile"><div class="main-menu-contents "><div class="main-menu-header"><a class="main-menu-logo" href="https://www.matsmart.fi/"><font style="vertical-align: inherit;"><font style="vertical-align: inherit;">logo</font></font></a><div class="main-menu-header-links"><div class="main-menu-header-link-container"><button class="main-menu-header-link login-link"><font style="vertical-align: inherit;"><font style="vertical-align: inherit;">Log in</font></font></button></div><div class="main-menu-header-link-container"><button class="main-menu-header-link favorites-link"><font style="vertical-align: inherit;"><font style="vertical-align: inherit;">My favorite</font></font></button></div><div class="main-menu-header-link-container"><a class="main-menu-header-link support-link" href="https://www.matsmart.fi/asiakaspalvelu"><font style="vertical-align: inherit;"><font style="vertical-align: inherit;">Support</font></font></a></div></div></div><div class="main-menu-items"><ul class="main-menu-list top"><li class="main-menu-item"><span class="main-menu-item__link-container"><a class="main-menu-item__link" href="https://www.matsmart.fi/uusimmat"><span class="main-menu-item__link-label"><i class="msi star"></i><span><font style="vertical-align: inherit;"><font style="vertical-align: inherit;">The latest</font></font></span></span></a></span></li><li class="main-menu-item"><span class="main-menu-item__link-container"><a class="main-menu-item__link" href="https://www.matsmart.fi/nama-viedaan-kasista"><span class="main-menu-item__link-label"><i class="msi lifesaver"></i><span><font style="vertical-align: inherit;"><font style="vertical-align: inherit;">These are taken out of hand</font></font></span></span></a></span></li><li class="main-menu-item main-menu-item--with-submenu main-menu-item--shopping-area-submenu"><span class="main-menu-item__link-container"><div class="main-menu-item__link"><span class="main-menu-item__link-label"><span><font style="vertical-align: inherit;"><font style="vertical-align: inherit;">The hottest hotspots</font></font></span></span><button class="main-menu-item__submenu-toggle"><font style="vertical-align: inherit;"><font style="vertical-align: inherit;">Toggle menu</font></font></button></div></span><div style="height:0;overflow:hidden" aria-hidden="true" class="rah-static rah-static--height-zero"><div style="display: none;"><ul class="main-submenu"><li class="main-submenu-item"><a class="main-submenu-item__link" href="https://www.matsmart.fi/kuuminta-hottia/undefined"></a></li><li class="main-submenu-item"><a class="main-submenu-item__link" href="https://www.matsmart.fi/kuuminta-hottia/valmiina-syksyyn"><font style="vertical-align: inherit;"><font style="vertical-align: inherit;">READY FOR AUTUMN</font></font></a></li><li class="main-submenu-item"><a class="main-submenu-item__link" href="https://www.matsmart.fi/kuuminta-hottia/keittiotarvikkeet"><font style="vertical-align: inherit;"><font style="vertical-align: inherit;">KITCHEN SUPPLIES</font></font></a></li><li class="main-submenu-item"><a class="main-submenu-item__link" href="https://www.matsmart.fi/kuuminta-hottia/pelasta-meidat2"><font style="vertical-align: inherit;"><font style="vertical-align: inherit;">SAVE US!</font></font></a></li><li class="main-submenu-item"><a class="main-submenu-item__link" href="https://www.matsmart.fi/kuuminta-hottia/tunnelmaa-kotiin"><font style="vertical-align: inherit;"><font style="vertical-align: inherit;">ATMOSPHERE AT HOME</font></font></a></li><li class="main-submenu-item"><a class="main-submenu-item__link" href="https://www.matsmart.fi/kuuminta-hottia/aamiaispoytaan"><font style="vertical-align: inherit;"><font style="vertical-align: inherit;">FOR BREAKFAST</font></font></a></li><li class="main-submenu-item"><a class="main-submenu-item__link" href="https://www.matsmart.fi/kuuminta-hottia/beautysale"><font style="vertical-align: inherit;"><font style="vertical-align: inherit;">BEAUTY SALE</font></font></a></li></ul></div></div></li></ul><div class="menu-divider"></div><h2 class="section-title"></h2><ul class="main-menu-list categories"><li class="main-menu-item main-menu-item--with-submenu"><span class="main-menu-item__link-container"><a class="main-menu-item__link" href="https://www.matsmart.fi/ruokakomero-0"><span class="main-menu-item__link-label"><i class="msi chef-hat"></i><span><font style="vertical-align: inherit;"><font style="vertical-align: inherit;">Pantry</font></font></span></span><button class="main-menu-item__submenu-toggle" name="ruokakomero-0"><font style="vertical-align: inherit;"><font style="vertical-align: inherit;">Toggle menu</font></font></button></a></span><div style="height:0;overflow:hidden" aria-hidden="true" class="rah-static rah-static--height-zero"><div style="display: none;"><ul class="main-submenu"><li class="main-submenu-item"><a class="main-submenu-item__link" href="https://www.matsmart.fi/pastat-riisit-nuudelit"><font style="vertical-align: inherit;"><font style="vertical-align: inherit;">Pastas, Rice &amp; Noodles</font></font></a></li><li class="main-submenu-item"><a class="main-submenu-item__link" href="https://www.matsmart.fi/sailykkeet-ateria-ainekset"><font style="vertical-align: inherit;"><font style="vertical-align: inherit;">Canned Food &amp; Meal Ingredients</font></font></a></li><li class="main-submenu-item"><a class="main-submenu-item__link" href="https://www.matsmart.fi/maustaminen"><font style="vertical-align: inherit;"><font style="vertical-align: inherit;">Seasoning</font></font></a></li><li class="main-submenu-item"><a class="main-submenu-item__link" href="https://www.matsmart.fi/kastikkeet-oljyt-0"><font style="vertical-align: inherit;"><font style="vertical-align: inherit;">Sauces &amp; Oils</font></font></a></li><li class="main-submenu-item"><a class="main-submenu-item__link" href="https://www.matsmart.fi/kahvit-teet"><font style="vertical-align: inherit;"><font style="vertical-align: inherit;">Coffee &amp; Tea</font></font></a></li><li class="main-submenu-item"><a class="main-submenu-item__link" href="https://www.matsmart.fi/hiutaleet-murot-myslit"><font style="vertical-align: inherit;"><font style="vertical-align: inherit;">Flakes, Cereals &amp; Muesli</font></font></a></li><li class="main-submenu-item"><a class="main-submenu-item__link" href="https://www.matsmart.fi/leivonta-jalkiruoat"><font style="vertical-align: inherit;"><font style="vertical-align: inherit;">Baking &amp; Desserts</font></font></a></li></ul></div></div></li><li class="main-menu-item main-menu-item--with-submenu"><span class="main-menu-item__link-container"><a class="main-menu-item__link" href="https://www.matsmart.fi/liikunta-painonhallinta"><span class="main-menu-item__link-label"><i class="msi weight"></i><span><font style="vertical-align: inherit;"><font style="vertical-align: inherit;">Exercise &amp; Weight Management</font></font></span></span><button class="main-menu-item__submenu-toggle" name="liikunta-painonhallinta"><font style="vertical-align: inherit;"><font style="vertical-align: inherit;">Toggle menu</font></font></button></a></span><div style="height:0;overflow:hidden" aria-hidden="true" class="rah-static rah-static--height-zero"><div style="display: none;"><ul class="main-submenu"><li class="main-submenu-item"><a class="main-submenu-item__link" href="https://www.matsmart.fi/ateriankorvikkeet"><font style="vertical-align: inherit;"><font style="vertical-align: inherit;">Meal replacements</font></font></a></li><li class="main-submenu-item"><a class="main-submenu-item__link" href="https://www.matsmart.fi/proteiinituotteet"><font style="vertical-align: inherit;"><font style="vertical-align: inherit;">Protein products</font></font></a></li><li class="main-submenu-item"><a class="main-submenu-item__link" href="https://www.matsmart.fi/valipalat-energiapatukat"><font style="vertical-align: inherit;"><font style="vertical-align: inherit;">Snacks &amp; Energy Bars</font></font></a></li><li class="main-submenu-item"><a class="main-submenu-item__link" href="https://www.matsmart.fi/ravintolisat-vitamiinit"><font style="vertical-align: inherit;"><font style="vertical-align: inherit;">Nutritional Supplements &amp; Vitamins</font></font></a></li></ul></div></div></li><li class="main-menu-item main-menu-item--with-submenu"><span class="main-menu-item__link-container"><a class="main-menu-item__link" href="https://www.matsmart.fi/naposteltavat-makeiset"><span class="main-menu-item__link-label"><i class="msi candy"></i><span><font style="vertical-align: inherit;"><font style="vertical-align: inherit;">Snacks &amp; Sweets</font></font></span></span><button class="main-menu-item__submenu-toggle" name="naposteltavat-makeiset"><font style="vertical-align: inherit;"><font style="vertical-align: inherit;">Toggle menu</font></font></button></a></span><div style="height:0;overflow:hidden" aria-hidden="true" class="rah-static rah-static--height-zero"><div style="display: none;"><ul class="main-submenu"><li class="main-submenu-item"><a class="main-submenu-item__link" href="https://www.matsmart.fi/sipsit-naposteltavat"><font style="vertical-align: inherit;"><font style="vertical-align: inherit;">Chips &amp; Snacks</font></font></a></li><li class="main-submenu-item"><a class="main-submenu-item__link" href="https://www.matsmart.fi/pahkinat-luonnonmakeiset"><font style="vertical-align: inherit;"><font style="vertical-align: inherit;">Nuts &amp; Sweets</font></font></a></li><li class="main-submenu-item"><a class="main-submenu-item__link" href="https://www.matsmart.fi/makeiset"><font style="vertical-align: inherit;"><font style="vertical-align: inherit;">Confectionery</font></font></a></li><li class="main-submenu-item"><a class="main-submenu-item__link" href="https://www.matsmart.fi/suklaat"><font style="vertical-align: inherit;"><font style="vertical-align: inherit;">Chocolate</font></font></a></li></ul></div></div></li><li class="main-menu-item main-menu-item--with-submenu"><span class="main-menu-item__link-container"><a class="main-menu-item__link" href="https://www.matsmart.fi/juomat-0"><span class="main-menu-item__link-label"><i class="msi drink"></i><span><font style="vertical-align: inherit;"><font style="vertical-align: inherit;">Drinks</font></font></span></span><button class="main-menu-item__submenu-toggle" name="juomat-0"><font style="vertical-align: inherit;"><font style="vertical-align: inherit;">Toggle menu</font></font></button></a></span><div style="height:0;overflow:hidden" aria-hidden="true" class="rah-static rah-static--height-zero"><div style="display: none;"><ul class="main-submenu"><li class="main-submenu-item"><a class="main-submenu-item__link" href="https://www.matsmart.fi/virvoitusjuomat"><font style="vertical-align: inherit;"><font style="vertical-align: inherit;">Soft drinks</font></font></a></li><li class="main-submenu-item"><a class="main-submenu-item__link" href="https://www.matsmart.fi/mehut-smoothiet"><font style="vertical-align: inherit;"><font style="vertical-align: inherit;">Juices &amp; Smoothies</font></font></a></li><li class="main-submenu-item"><a class="main-submenu-item__link" href="https://www.matsmart.fi/urheilu-hyvinvointijuomat"><font style="vertical-align: inherit;"><font style="vertical-align: inherit;">Sports &amp; Wellness Drinks</font></font></a></li><li class="main-submenu-item"><a class="main-submenu-item__link" href="https://www.matsmart.fi/muut"><font style="vertical-align: inherit;"><font style="vertical-align: inherit;">Other</font></font></a></li></ul></div></div></li><li class="main-menu-item main-menu-item--with-submenu"><span class="main-menu-item__link-container"><a class="main-menu-item__link" href="https://www.matsmart.fi/leivat-kakut-keksit-0"><span class="main-menu-item__link-label"><i class="msi cookie"></i><span><font style="vertical-align: inherit;"><font style="vertical-align: inherit;">Breads, cakes &amp; biscuits</font></font></span></span><button class="main-menu-item__submenu-toggle" name="leivat-kakut-keksit-0"><font style="vertical-align: inherit;"><font style="vertical-align: inherit;">Toggle menu</font></font></button></a></span><div style="height:0;overflow:hidden" aria-hidden="true" class="rah-static rah-static--height-zero"><div style="display: none;"><ul class="main-submenu"><li class="main-submenu-item"><a class="main-submenu-item__link" href="https://www.matsmart.fi/leivat-nakkileivat"><font style="vertical-align: inherit;"><font style="vertical-align: inherit;">Breads &amp; Crispbreads</font></font></a></li><li class="main-submenu-item"><a class="main-submenu-item__link" href="https://www.matsmart.fi/kahvileivat-keksit"><font style="vertical-align: inherit;"><font style="vertical-align: inherit;">Coffee Breads &amp; Biscuits</font></font></a></li></ul></div></div></li><li class="main-menu-item main-menu-item--with-submenu"><span class="main-menu-item__link-container"><a class="main-menu-item__link" href="https://www.matsmart.fi/lapset-0"><span class="main-menu-item__link-label"><i class="msi pacifier"></i><span><font style="vertical-align: inherit;"><font style="vertical-align: inherit;">Children</font></font></span></span><button class="main-menu-item__submenu-toggle" name="lapset-0"><font style="vertical-align: inherit;"><font style="vertical-align: inherit;">Toggle menu</font></font></button></a></span><div style="height:0;overflow:hidden" aria-hidden="true" class="rah-static rah-static--height-zero"><div style="display: none;"><ul class="main-submenu"><li class="main-submenu-item"><a class="main-submenu-item__link" href="https://www.matsmart.fi/lastenruoka-1"><font style="vertical-align: inherit;"><font style="vertical-align: inherit;">Kids' food</font></font></a></li><li class="main-submenu-item"><a class="main-submenu-item__link" href="https://www.matsmart.fi/tarvikkeet"><font style="vertical-align: inherit;"><font style="vertical-align: inherit;">Supplies</font></font></a></li></ul></div></div></li><li class="main-menu-item"><span class="main-menu-item__link-container"><a class="main-menu-item__link" href="https://www.matsmart.fi/lemmikkielaimet-0"><span class="main-menu-item__link-label"><i class="msi animal"></i><span><font style="vertical-align: inherit;"><font style="vertical-align: inherit;">Pets</font></font></span></span></a></span></li><li class="main-menu-item main-menu-item--with-submenu"><span class="main-menu-item__link-container"><a class="main-menu-item__link" href="https://www.matsmart.fi/hygienia-apteekki"><span class="main-menu-item__link-label"><i class="msi soap"></i><span><font style="vertical-align: inherit;"><font style="vertical-align: inherit;">Hygiene &amp; Pharmacy</font></font></span></span><button class="main-menu-item__submenu-toggle" name="hygienia-apteekki"><font style="vertical-align: inherit;"><font style="vertical-align: inherit;">Toggle menu</font></font></button></a></span><div style="height:0;overflow:hidden" aria-hidden="true" class="rah-static rah-static--height-zero"><div style="display: none;"><ul class="main-submenu"><li class="main-submenu-item"><a class="main-submenu-item__link" href="https://www.matsmart.fi/ihonhoito"><font style="vertical-align: inherit;"><font style="vertical-align: inherit;">Skin care</font></font></a></li><li class="main-submenu-item"><a class="main-submenu-item__link" href="https://www.matsmart.fi/hiukset"><font style="vertical-align: inherit;"><font style="vertical-align: inherit;">Hair</font></font></a></li><li class="main-submenu-item"><a class="main-submenu-item__link" href="https://www.matsmart.fi/suunhoito"><font style="vertical-align: inherit;"><font style="vertical-align: inherit;">Oral care</font></font></a></li><li class="main-submenu-item"><a class="main-submenu-item__link" href="https://www.matsmart.fi/apteekki-intiimituotteet"><font style="vertical-align: inherit;"><font style="vertical-align: inherit;">Pharmacy &amp; Intimate Products</font></font></a></li><li class="main-submenu-item"><a class="main-submenu-item__link" href="https://www.matsmart.fi/kosmetiikka"><font style="vertical-align: inherit;"><font style="vertical-align: inherit;">Cosmetics</font></font></a></li></ul></div></div></li><li class="main-menu-item main-menu-item--with-submenu"><span class="main-menu-item__link-container"><a class="main-menu-item__link" href="https://www.matsmart.fi/koti-siivous"><span class="main-menu-item__link-label"><i class="msi wash"></i><span><font style="vertical-align: inherit;"><font style="vertical-align: inherit;">Home</font></font></span></span><button class="main-menu-item__submenu-toggle" name="koti-siivous"><font style="vertical-align: inherit;"><font style="vertical-align: inherit;">Toggle menu</font></font></button></a></span><div style="height:0;overflow:hidden" aria-hidden="true" class="rah-static rah-static--height-zero"><div style="display: none;"><ul class="main-submenu"><li class="main-submenu-item"><a class="main-submenu-item__link" href="https://www.matsmart.fi/keittio"><font style="vertical-align: inherit;"><font style="vertical-align: inherit;">Kitchen</font></font></a></li><li class="main-submenu-item"><a class="main-submenu-item__link" href="https://www.matsmart.fi/siivous"><font style="vertical-align: inherit;"><font style="vertical-align: inherit;">Clearout</font></font></a></li><li class="main-submenu-item"><a class="main-submenu-item__link" href="https://www.matsmart.fi/kayttotavarat"><font style="vertical-align: inherit;"><font style="vertical-align: inherit;">Consumer goods</font></font></a></li></ul></div></div></li><li class="main-menu-item"><span class="main-menu-item__link-container"><a class="main-menu-item__link" href="https://www.matsmart.fi/luomu"><span class="main-menu-item__link-label"><i class="msi eco"></i><span><font style="vertical-align: inherit;"><font style="vertical-align: inherit;">Organic</font></font></span></span></a></span></li><li class="main-menu-item"><span class="main-menu-item__link-container"><a class="main-menu-item__link" href="https://www.matsmart.fi/gluteenittomat"><span class="main-menu-item__link-label"><i class="msi glutenfree"></i><span><font style="vertical-align: inherit;"><font style="vertical-align: inherit;">Gluten free</font></font></span></span></a></span></li><li class="main-menu-item"><span class="main-menu-item__link-container"><a class="main-menu-item__link" href="https://www.matsmart.fi/suurpakkaukset-0"><span class="main-menu-item__link-label"><i class="msi box"></i><span><font style="vertical-align: inherit;"><font style="vertical-align: inherit;">Large packages</font></font></span></span></a></span></li></ul><div class="menu-divider"></div><h2 class="section-title"><font style="vertical-align: inherit;"><font style="vertical-align: inherit;">Read more</font></font></h2><ul class="main-menu-list about-us"><li class="main-menu-item"><span class="main-menu-item__link-container"><a class="main-menu-item__link" href="https://www.matsmart.fi/nain-matsmart-toimii"><span class="main-menu-item__link-label"><span><font style="vertical-align: inherit;"><font style="vertical-align: inherit;">This is how Matsmart works</font></font></span></span></a></span></li><li class="main-menu-item"><span class="main-menu-item__link-container"><a class="main-menu-item__link" href="https://www.matsmart.fi/magazine/varmat-ja-luotettavat-toimitukset-covid-19-13-3-2020"><span class="main-menu-item__link-label"><span><font style="vertical-align: inherit;"><font style="vertical-align: inherit;">Reliable and reliable deliveries</font></font></span></span></a></span></li><li class="main-menu-item"><span class="main-menu-item__link-container"><a class="main-menu-item__link" href="https://www.matsmart.fi/info/auta-vanhaa-ystaevaeae"><span class="main-menu-item__link-label"><span><font style="vertical-align: inherit;"><font style="vertical-align: inherit;">Help an old friend</font></font></span></span></a></span></li></ul></div></div></div><div class="main-content-container"><div class="header-container"><div class="header header--mobile"><div class="header-row"><button class="header-menu-toggle header-item"><span class="hamburger"></span></button><button class="header-search-button header-item"><font style="vertical-align: inherit;"><font style="vertical-align: inherit;">Search</font></font></button><a class="header-logo header-item" href="https://www.matsmart.fi/"><font style="vertical-align: inherit;"><font style="vertical-align: inherit;">logo</font></font></a><div class="mini-cart header-box-chevron mini-cart--disabled"><div class="cart-icon"><span><font style="vertical-align: inherit;"><font style="vertical-align: inherit;">0%</font></font></span></div></div></div></div><div class="header header--desktop"><div class="header-row"><a class="header-logo header-item" href="https://www.matsmart.fi/"><font style="vertical-align: inherit;"><font style="vertical-align: inherit;">logo</font></font></a><form><div class="search-box search-box--desktop"><div class="search-field"><input type="text" placeholder="Search ..." name="query" value="" class="search-field-input" autocomplete="off" autocorrect="off"></div></div></form><div class="header-text-links"><div class="header-text-link-container"><button class="header-text-link login-link"><font style="vertical-align: inherit;"><font style="vertical-align: inherit;">Log in</font></font></button></div><div class="header-text-link-container"><button class="header-text-link favorites-link"><font style="vertical-align: inherit;"><font style="vertical-align: inherit;">My favorite</font></font></button></div><div class="header-text-link-container"><a class="header-text-link support-link" href="https://www.matsmart.fi/asiakaspalvelu"><font style="vertical-align: inherit;"><font style="vertical-align: inherit;">Support</font></font></a></div></div><div class="mini-cart header-box-chevron mini-cart--disabled"><div class="cart-icon"><span><font style="vertical-align: inherit;"><font style="vertical-align: inherit;">0%</font></font></span></div></div><div class="header-link-to-checkout"><button type="button" class="button disabled"><span><font style="vertical-align: inherit;"><font style="vertical-align: inherit;">Checkout</font></font></span></button></div></div></div></div><div class="main-content with-desktop-menu"><div class="main-menu main-menu--desktop"><div class="main-menu-contents "><div class="main-menu-header"><a class="main-menu-logo" href="https://www.matsmart.fi/"><font style="vertical-align: inherit;"><font style="vertical-align: inherit;">logo</font></font></a><div class="main-menu-header-links"><div class="main-menu-header-link-container"><button class="main-menu-header-link login-link"><font style="vertical-align: inherit;"><font style="vertical-align: inherit;">Log in</font></font></button></div><div class="main-menu-header-link-container"><button class="main-menu-header-link favorites-link"><font style="vertical-align: inherit;"><font style="vertical-align: inherit;">My favorite</font></font></button></div><div class="main-menu-header-link-container"><a class="main-menu-header-link support-link" href="https://www.matsmart.fi/asiakaspalvelu"><font style="vertical-align: inherit;"><font style="vertical-align: inherit;">Support</font></font></a></div></div></div><div class="main-menu-items"><ul class="main-menu-list top"><li class="main-menu-item"><span class="main-menu-item__link-container"><a class="main-menu-item__link" href="https://www.matsmart.fi/uusimmat"><span class="main-menu-item__link-label"><i class="msi star"></i><span><font style="vertical-align: inherit;"><font style="vertical-align: inherit;">The latest</font></font></span></span></a></span></li><li class="main-menu-item"><span class="main-menu-item__link-container"><a class="main-menu-item__link" href="https://www.matsmart.fi/nama-viedaan-kasista"><span class="main-menu-item__link-label"><i class="msi lifesaver"></i><span><font style="vertical-align: inherit;"><font style="vertical-align: inherit;">These are taken out of hand</font></font></span></span></a></span></li><li class="main-menu-item main-menu-item--with-submenu main-menu-item--shopping-area-submenu"><span class="main-menu-item__link-container"><div class="main-menu-item__link"><span class="main-menu-item__link-label"><span><font style="vertical-align: inherit;"><font style="vertical-align: inherit;">The hottest hotspots</font></font></span></span><button class="main-menu-item__submenu-toggle"><font style="vertical-align: inherit;"><font style="vertical-align: inherit;">Toggle menu</font></font></button></div></span><div style="height:0;overflow:hidden" aria-hidden="true" class="rah-static rah-static--height-zero"><div style="display: none;"><ul class="main-submenu"><li class="main-submenu-item"><a class="main-submenu-item__link" href="https://www.matsmart.fi/kuuminta-hottia/undefined"></a></li><li class="main-submenu-item"><a class="main-submenu-item__link" href="https://www.matsmart.fi/kuuminta-hottia/valmiina-syksyyn"><font style="vertical-align: inherit;"><font style="vertical-align: inherit;">READY FOR AUTUMN</font></font></a></li><li class="main-submenu-item"><a class="main-submenu-item__link" href="https://www.matsmart.fi/kuuminta-hottia/keittiotarvikkeet"><font style="vertical-align: inherit;"><font style="vertical-align: inherit;">KITCHEN SUPPLIES</font></font></a></li><li class="main-submenu-item"><a class="main-submenu-item__link" href="https://www.matsmart.fi/kuuminta-hottia/pelasta-meidat2"><font style="vertical-align: inherit;"><font style="vertical-align: inherit;">SAVE US!</font></font></a></li><li class="main-submenu-item"><a class="main-submenu-item__link" href="https://www.matsmart.fi/kuuminta-hottia/tunnelmaa-kotiin"><font style="vertical-align: inherit;"><font style="vertical-align: inherit;">ATMOSPHERE AT HOME</font></font></a></li><li class="main-submenu-item"><a class="main-submenu-item__link" href="https://www.matsmart.fi/kuuminta-hottia/aamiaispoytaan"><font style="vertical-align: inherit;"><font style="vertical-align: inherit;">FOR BREAKFAST</font></font></a></li><li class="main-submenu-item"><a class="main-submenu-item__link" href="https://www.matsmart.fi/kuuminta-hottia/beautysale"><font style="vertical-align: inherit;"><font style="vertical-align: inherit;">BEAUTY SALE</font></font></a></li></ul></div></div></li></ul><div class="menu-divider"></div><h2 class="section-title"></h2><ul class="main-menu-list categories"><li class="main-menu-item main-menu-item--with-submenu"><span class="main-menu-item__link-container"><a class="main-menu-item__link" href="https://www.matsmart.fi/ruokakomero-0"><span class="main-menu-item__link-label"><i class="msi chef-hat"></i><span><font style="vertical-align: inherit;"><font style="vertical-align: inherit;">Pantry</font></font></span></span><button class="main-menu-item__submenu-toggle" name="ruokakomero-0"><font style="vertical-align: inherit;"><font style="vertical-align: inherit;">Toggle menu</font></font></button></a></span><div style="height:0;overflow:hidden" aria-hidden="true" class="rah-static rah-static--height-zero"><div style="display: none;"><ul class="main-submenu"><li class="main-submenu-item"><a class="main-submenu-item__link" href="https://www.matsmart.fi/pastat-riisit-nuudelit"><font style="vertical-align: inherit;"><font style="vertical-align: inherit;">Pastas, Rice &amp; Noodles</font></font></a></li><li class="main-submenu-item"><a class="main-submenu-item__link" href="https://www.matsmart.fi/sailykkeet-ateria-ainekset"><font style="vertical-align: inherit;"><font style="vertical-align: inherit;">Canned Food &amp; Meal Ingredients</font></font></a></li><li class="main-submenu-item"><a class="main-submenu-item__link" href="https://www.matsmart.fi/maustaminen"><font style="vertical-align: inherit;"><font style="vertical-align: inherit;">Seasoning</font></font></a></li><li class="main-submenu-item"><a class="main-submenu-item__link" href="https://www.matsmart.fi/kastikkeet-oljyt-0"><font style="vertical-align: inherit;"><font style="vertical-align: inherit;">Sauces &amp; Oils</font></font></a></li><li class="main-submenu-item"><a class="main-submenu-item__link" href="https://www.matsmart.fi/kahvit-teet"><font style="vertical-align: inherit;"><font style="vertical-align: inherit;">Coffee &amp; Tea</font></font></a></li><li class="main-submenu-item"><a class="main-submenu-item__link" href="https://www.matsmart.fi/hiutaleet-murot-myslit"><font style="vertical-align: inherit;"><font style="vertical-align: inherit;">Flakes, Cereals &amp; Muesli</font></font></a></li><li class="main-submenu-item"><a class="main-submenu-item__link" href="https://www.matsmart.fi/leivonta-jalkiruoat"><font style="vertical-align: inherit;"><font style="vertical-align: inherit;">Baking &amp; Desserts</font></font></a></li></ul></div></div></li><li class="main-menu-item main-menu-item--with-submenu"><span class="main-menu-item__link-container"><a class="main-menu-item__link" href="https://www.matsmart.fi/liikunta-painonhallinta"><span class="main-menu-item__link-label"><i class="msi weight"></i><span><font style="vertical-align: inherit;"><font style="vertical-align: inherit;">Exercise &amp; Weight Management</font></font></span></span><button class="main-menu-item__submenu-toggle" name="liikunta-painonhallinta"><font style="vertical-align: inherit;"><font style="vertical-align: inherit;">Toggle menu</font></font></button></a></span><div style="height:0;overflow:hidden" aria-hidden="true" class="rah-static rah-static--height-zero"><div style="display: none;"><ul class="main-submenu"><li class="main-submenu-item"><a class="main-submenu-item__link" href="https://www.matsmart.fi/ateriankorvikkeet"><font style="vertical-align: inherit;"><font style="vertical-align: inherit;">Meal replacements</font></font></a></li><li class="main-submenu-item"><a class="main-submenu-item__link" href="https://www.matsmart.fi/proteiinituotteet"><font style="vertical-align: inherit;"><font style="vertical-align: inherit;">Protein products</font></font></a></li><li class="main-submenu-item"><a class="main-submenu-item__link" href="https://www.matsmart.fi/valipalat-energiapatukat"><font style="vertical-align: inherit;"><font style="vertical-align: inherit;">Snacks &amp; Energy Bars</font></font></a></li><li class="main-submenu-item"><a class="main-submenu-item__link" href="https://www.matsmart.fi/ravintolisat-vitamiinit"><font style="vertical-align: inherit;"><font style="vertical-align: inherit;">Nutritional Supplements &amp; Vitamins</font></font></a></li></ul></div></div></li><li class="main-menu-item main-menu-item--with-submenu"><span class="main-menu-item__link-container"><a class="main-menu-item__link" href="https://www.matsmart.fi/naposteltavat-makeiset"><span class="main-menu-item__link-label"><i class="msi candy"></i><span><font style="vertical-align: inherit;"><font style="vertical-align: inherit;">Snacks &amp; Sweets</font></font></span></span><button class="main-menu-item__submenu-toggle" name="naposteltavat-makeiset"><font style="vertical-align: inherit;"><font style="vertical-align: inherit;">Toggle menu</font></font></button></a></span><div style="height:0;overflow:hidden" aria-hidden="true" class="rah-static rah-static--height-zero"><div style="display: none;"><ul class="main-submenu"><li class="main-submenu-item"><a class="main-submenu-item__link" href="https://www.matsmart.fi/sipsit-naposteltavat"><font style="vertical-align: inherit;"><font style="vertical-align: inherit;">Chips &amp; Snacks</font></font></a></li><li class="main-submenu-item"><a class="main-submenu-item__link" href="https://www.matsmart.fi/pahkinat-luonnonmakeiset"><font style="vertical-align: inherit;"><font style="vertical-align: inherit;">Nuts &amp; Sweets</font></font></a></li><li class="main-submenu-item"><a class="main-submenu-item__link" href="https://www.matsmart.fi/makeiset"><font style="vertical-align: inherit;"><font style="vertical-align: inherit;">Confectionery</font></font></a></li><li class="main-submenu-item"><a class="main-submenu-item__link" href="https://www.matsmart.fi/suklaat"><font style="vertical-align: inherit;"><font style="vertical-align: inherit;">Chocolate</font></font></a></li></ul></div></div></li><li class="main-menu-item main-menu-item--with-submenu"><span class="main-menu-item__link-container"><a class="main-menu-item__link" href="https://www.matsmart.fi/juomat-0"><span class="main-menu-item__link-label"><i class="msi drink"></i><span><font style="vertical-align: inherit;"><font style="vertical-align: inherit;">Drinks</font></font></span></span><button class="main-menu-item__submenu-toggle" name="juomat-0"><font style="vertical-align: inherit;"><font style="vertical-align: inherit;">Toggle menu</font></font></button></a></span><div style="height:0;overflow:hidden" aria-hidden="true" class="rah-static rah-static--height-zero"><div style="display: none;"><ul class="main-submenu"><li class="main-submenu-item"><a class="main-submenu-item__link" href="https://www.matsmart.fi/virvoitusjuomat"><font style="vertical-align: inherit;"><font style="vertical-align: inherit;">Soft drinks</font></font></a></li><li class="main-submenu-item"><a class="main-submenu-item__link" href="https://www.matsmart.fi/mehut-smoothiet"><font style="vertical-align: inherit;"><font style="vertical-align: inherit;">Juices &amp; Smoothies</font></font></a></li><li class="main-submenu-item"><a class="main-submenu-item__link" href="https://www.matsmart.fi/urheilu-hyvinvointijuomat"><font style="vertical-align: inherit;"><font style="vertical-align: inherit;">Sports &amp; Wellness Drinks</font></font></a></li><li class="main-submenu-item"><a class="main-submenu-item__link" href="https://www.matsmart.fi/muut"><font style="vertical-align: inherit;"><font style="vertical-align: inherit;">Other</font></font></a></li></ul></div></div></li><li class="main-menu-item main-menu-item--with-submenu"><span class="main-menu-item__link-container"><a class="main-menu-item__link" href="https://www.matsmart.fi/leivat-kakut-keksit-0"><span class="main-menu-item__link-label"><i class="msi cookie"></i><span><font style="vertical-align: inherit;"><font style="vertical-align: inherit;">Breads, cakes &amp; biscuits</font></font></span></span><button class="main-menu-item__submenu-toggle" name="leivat-kakut-keksit-0"><font style="vertical-align: inherit;"><font style="vertical-align: inherit;">Toggle menu</font></font></button></a></span><div style="height:0;overflow:hidden" aria-hidden="true" class="rah-static rah-static--height-zero"><div style="display: none;"><ul class="main-submenu"><li class="main-submenu-item"><a class="main-submenu-item__link" href="https://www.matsmart.fi/leivat-nakkileivat"><font style="vertical-align: inherit;"><font style="vertical-align: inherit;">Breads &amp; Crispbreads</font></font></a></li><li class="main-submenu-item"><a class="main-submenu-item__link" href="https://www.matsmart.fi/kahvileivat-keksit"><font style="vertical-align: inherit;"><font style="vertical-align: inherit;">Coffee Breads &amp; Biscuits</font></font></a></li></ul></div></div></li><li class="main-menu-item main-menu-item--with-submenu"><span class="main-menu-item__link-container"><a class="main-menu-item__link" href="https://www.matsmart.fi/lapset-0"><span class="main-menu-item__link-label"><i class="msi pacifier"></i><span><font style="vertical-align: inherit;"><font style="vertical-align: inherit;">Children</font></font></span></span><button class="main-menu-item__submenu-toggle" name="lapset-0"><font style="vertical-align: inherit;"><font style="vertical-align: inherit;">Toggle menu</font></font></button></a></span><div style="height:0;overflow:hidden" aria-hidden="true" class="rah-static rah-static--height-zero"><div style="display: none;"><ul class="main-submenu"><li class="main-submenu-item"><a class="main-submenu-item__link" href="https://www.matsmart.fi/lastenruoka-1"><font style="vertical-align: inherit;"><font style="vertical-align: inherit;">Kids' food</font></font></a></li><li class="main-submenu-item"><a class="main-submenu-item__link" href="https://www.matsmart.fi/tarvikkeet"><font style="vertical-align: inherit;"><font style="vertical-align: inherit;">Supplies</font></font></a></li></ul></div></div></li><li class="main-menu-item"><span class="main-menu-item__link-container"><a class="main-menu-item__link" href="https://www.matsmart.fi/lemmikkielaimet-0"><span class="main-menu-item__link-label"><i class="msi animal"></i><span><font style="vertical-align: inherit;"><font style="vertical-align: inherit;">Pets</font></font></span></span></a></span></li><li class="main-menu-item main-menu-item--with-submenu"><span class="main-menu-item__link-container"><a class="main-menu-item__link" href="https://www.matsmart.fi/hygienia-apteekki"><span class="main-menu-item__link-label"><i class="msi soap"></i><span><font style="vertical-align: inherit;"><font style="vertical-align: inherit;">Hygiene &amp; Pharmacy</font></font></span></span><button class="main-menu-item__submenu-toggle" name="hygienia-apteekki"><font style="vertical-align: inherit;"><font style="vertical-align: inherit;">Toggle menu</font></font></button></a></span><div style="height:0;overflow:hidden" aria-hidden="true" class="rah-static rah-static--height-zero"><div style="display: none;"><ul class="main-submenu"><li class="main-submenu-item"><a class="main-submenu-item__link" href="https://www.matsmart.fi/ihonhoito"><font style="vertical-align: inherit;"><font style="vertical-align: inherit;">Skin care</font></font></a></li><li class="main-submenu-item"><a class="main-submenu-item__link" href="https://www.matsmart.fi/hiukset"><font style="vertical-align: inherit;"><font style="vertical-align: inherit;">Hair</font></font></a></li><li class="main-submenu-item"><a class="main-submenu-item__link" href="https://www.matsmart.fi/suunhoito"><font style="vertical-align: inherit;"><font style="vertical-align: inherit;">Oral care</font></font></a></li><li class="main-submenu-item"><a class="main-submenu-item__link" href="https://www.matsmart.fi/apteekki-intiimituotteet"><font style="vertical-align: inherit;"><font style="vertical-align: inherit;">Pharmacy &amp; Intimate Products</font></font></a></li><li class="main-submenu-item"><a class="main-submenu-item__link" href="https://www.matsmart.fi/kosmetiikka"><font style="vertical-align: inherit;"><font style="vertical-align: inherit;">Cosmetics</font></font></a></li></ul></div></div></li><li class="main-menu-item main-menu-item--with-submenu"><span class="main-menu-item__link-container"><a class="main-menu-item__link" href="https://www.matsmart.fi/koti-siivous"><span class="main-menu-item__link-label"><i class="msi wash"></i><span><font style="vertical-align: inherit;"><font style="vertical-align: inherit;">Home</font></font></span></span><button class="main-menu-item__submenu-toggle" name="koti-siivous"><font style="vertical-align: inherit;"><font style="vertical-align: inherit;">Toggle menu</font></font></button></a></span><div style="height:0;overflow:hidden" aria-hidden="true" class="rah-static rah-static--height-zero"><div style="display: none;"><ul class="main-submenu"><li class="main-submenu-item"><a class="main-submenu-item__link" href="https://www.matsmart.fi/keittio"><font style="vertical-align: inherit;"><font style="vertical-align: inherit;">Kitchen</font></font></a></li><li class="main-submenu-item"><a class="main-submenu-item__link" href="https://www.matsmart.fi/siivous"><font style="vertical-align: inherit;"><font style="vertical-align: inherit;">Clearout</font></font></a></li><li class="main-submenu-item"><a class="main-submenu-item__link" href="https://www.matsmart.fi/kayttotavarat"><font style="vertical-align: inherit;"><font style="vertical-align: inherit;">Consumer goods</font></font></a></li></ul></div></div></li><li class="main-menu-item"><span class="main-menu-item__link-container"><a class="main-menu-item__link" href="https://www.matsmart.fi/luomu"><span class="main-menu-item__link-label"><i class="msi eco"></i><span><font style="vertical-align: inherit;"><font style="vertical-align: inherit;">Organic</font></font></span></span></a></span></li><li class="main-menu-item"><span class="main-menu-item__link-container"><a class="main-menu-item__link" href="https://www.matsmart.fi/gluteenittomat"><span class="main-menu-item__link-label"><i class="msi glutenfree"></i><span><font style="vertical-align: inherit;"><font style="vertical-align: inherit;">Gluten free</font></font></span></span></a></span></li><li class="main-menu-item"><span class="main-menu-item__link-container"><a class="main-menu-item__link" href="https://www.matsmart.fi/suurpakkaukset-0"><span class="main-menu-item__link-label"><i class="msi box"></i><span><font style="vertical-align: inherit;"><font style="vertical-align: inherit;">Large packages</font></font></span></span></a></span></li></ul><div class="menu-divider"></div><h2 class="section-title"><font style="vertical-align: inherit;"><font style="vertical-align: inherit;">Read more</font></font></h2><ul class="main-menu-list about-us"><li class="main-menu-item"><span class="main-menu-item__link-container"><a class="main-menu-item__link" href="https://www.matsmart.fi/nain-matsmart-toimii"><span class="main-menu-item__link-label"><span><font style="vertical-align: inherit;"><font style="vertical-align: inherit;">This is how Matsmart works</font></font></span></span></a></span></li><li class="main-menu-item"><span class="main-menu-item__link-container"><a class="main-menu-item__link" href="https://www.matsmart.fi/magazine/varmat-ja-luotettavat-toimitukset-covid-19-13-3-2020"><span class="main-menu-item__link-label"><span><font style="vertical-align: inherit;"><font style="vertical-align: inherit;">Reliable and reliable deliveries</font></font></span></span></a></span></li><li class="main-menu-item"><span class="main-menu-item__link-container"><a class="main-menu-item__link" href="https://www.matsmart.fi/info/auta-vanhaa-ystaevaeae"><span class="main-menu-item__link-label"><span><font style="vertical-align: inherit;"><font style="vertical-align: inherit;">Help an old friend</font></font></span></span></a></span></li></ul></div></div></div><div><div class="product-page product-page--FI"><div class="product-item product-details"><div vocab="http://schema.org/" typeof="Product" class="product-item--container" id="product-modal-content-container-83616"><meta property="gtin" content="3228881004611"><meta property="gtin8" content="3228881004611"><meta property="sku" content="MS111811"><meta property="productID" content="83616"><meta property="category" content="Kahvit &amp; Teet"><meta property="brand" content="Lipton"><meta property="weight" content="100g"><meta property="url" content="https://matsmart.fi/musta-tee-50kpl"><div class="product-item-left-half"><div class="image-container"><div property="image" class="big-image"><div class="magnify"><div style="cursor: crosshair; width: auto; height: auto; font-size: 0px; position: relative; user-select: none;"><img src="./tea_files/liptontee.jpg" alt="" style="width: 100%; height: auto; display: block; pointer-events: none;"><div><div style="width: 100%; height: 146px; top: 0px; right: auto; bottom: auto; left: auto; display: block; background-color: rgba(0, 0, 0, 0.4); position: absolute; opacity: 0; transition: opacity 300ms ease-in 0s;"></div><div style="width: 0px; height: 208px; top: 146px; right: auto; bottom: auto; left: 0px; display: block; background-color: rgba(0, 0, 0, 0.4); position: absolute; opacity: 0; transition: opacity 300ms ease-in 0s;"></div><div style="width: 146px; height: 208px; top: 146px; right: 0px; bottom: auto; left: auto; display: block; background-color: rgba(0, 0, 0, 0.4); position: absolute; opacity: 0; transition: opacity 300ms ease-in 0s;"></div><div style="width: 100%; height: 0px; top: 438px; right: auto; bottom: auto; left: auto; display: block; background-color: rgba(0, 0, 0, 0.4); position: absolute; opacity: 0; transition: opacity 300ms ease-in 0s;"></div></div></div></div><img property="image" class="mobile-only" src="./tea_files/liptontee.jpg" alt=""></div><div class="thumbs"><button class="arrow prev"></button><img src="./tea_files/liptontee(1).jpg" alt=""><img src="./tea_files/lipton_yellow_label_innehall.jpg" alt=""><button class="arrow next"></button></div></div><div class="favorite-button"><button class="create-favorite-button"><font style="vertical-align: inherit;"><font style="vertical-align: inherit;">save</font></font></button></div></div><div class="product-item-price"><div property="offers" typeof="Offer" class="product-item-multi-price-wrapper"><meta property="availability" href="http://schema.org/InStock"><meta property="url" content="https://matsmart.fi/musta-tee-50kpl"><span class="product-item-multi-price-label"><font style="vertical-align: inherit;"><font style="vertical-align: inherit;">2 pieces</font></font></span><div class="product-item-price-numbers product-item-price-numbers--multi-price product-item-price-numbers--FI"><span property="price" content="3" class="product-price-title"><font style="vertical-align: inherit;"><font style="vertical-align: inherit;">3</font></font></span><meta property="priceCurrency" content="EUR"><span class="product-price-title medium"><font style="vertical-align: inherit;"><font style="vertical-align: inherit;">€</font></font></span></div><span content="1.59" class="product-item-multi-price-single-price"><font style="vertical-align: inherit;"><font style="vertical-align: inherit;">1.59 € </font></font><font style="vertical-align: inherit;"><font style="vertical-align: inherit;">/ pc</font></font></span></div></div><div class="controls"><div class="savings-container"><div class="saved-amount"><span><font style="vertical-align: inherit;"><font style="vertical-align: inherit;">You are saving </font></font> </span><span><font style="vertical-align: inherit;"><font style="vertical-align: inherit;">0,98 € </font></font><font style="vertical-align: inherit;"><font style="vertical-align: inherit;">/ 2 pcs</font></font></span></div><div class="savings-info"><span class="savings-percentage"><font style="vertical-align: inherit;"><font style="vertical-align: inherit;">- </font></font><font style="vertical-align: inherit;"><font style="vertical-align: inherit;">25%</font></font></span><p class="product-item-old-price"><span class="product-item-old-price line-through">1,99&nbsp;€/kpl</span></p></div></div><div class="buy-box-container"><div class="buy-box"><button class="buy-button"><span class="buy-button-label"><font style="vertical-align: inherit;"><font style="vertical-align: inherit;">Buy</font></font></span><svg class="buy-button-checkmark" x="0px" y="0px" width="32px" height="32px" viewBox="0 0 32 32"><path class="buy-button-checkmark-path" stroke-dasharray="19.79 19.79" stroke-dashoffset="19.79" fill="none" stroke="#FFFFFF" stroke-width="2" stroke-linecap="square" stroke-miterlimit="10" d="M9,17l3.9,3.9c0.1,0.1,0.2,0.1,0.3,0L23,11"></path></svg></button></div></div></div><div class="product-item-header"><h1 property="name" class="product-item-header-label"><font style="vertical-align: inherit;"><font style="vertical-align: inherit;">Black Tea 50pcs</font></font> </h1><div class="product-item-brand-label"><a class="product-item-brand-label-link" href="https://www.matsmart.fi/tavaramerkki/lipton"><font style="vertical-align: inherit;"><font style="vertical-align: inherit;">Lipton</font></font></a> <font style="vertical-align: inherit;"><font style="vertical-align: inherit;"> | </font></font><font style="vertical-align: inherit;"><font style="vertical-align: inherit;">100g</font></font></div></div><div class="product-item-meta"><div class="product-item-meta-col"><div class="product-item-meta-row"><span class="product-item-meta-label"><font style="vertical-align: inherit;"><font style="vertical-align: inherit;">Recommended price </font></font><font style="vertical-align: inherit;"><font style="vertical-align: inherit;">: </font></font> </span><span class="no-wrap"><font style="vertical-align: inherit;"><font style="vertical-align: inherit;">1.99 € </font></font><font style="vertical-align: inherit;"><font style="vertical-align: inherit;">/ st</font></font><span class="info-icon"></span></span></div><div class="product-item-meta-row"><span class="product-item-meta-label"><font style="vertical-align: inherit;"><font style="vertical-align: inherit;">Unit price </font></font><font style="vertical-align: inherit;"><font style="vertical-align: inherit;">:</font></font></span> <font style="vertical-align: inherit;"><font style="vertical-align: inherit;"> 1.59 €</font></font></div><div class="product-item-meta-row"><span class="product-item-meta-label"><font style="vertical-align: inherit;"><font style="vertical-align: inherit;">Unit price </font></font><font style="vertical-align: inherit;"><font style="vertical-align: inherit;">:</font></font></span> <font style="vertical-align: inherit;"><font style="vertical-align: inherit;"> 15.90 € / kg</font></font></div></div><div class="product-item-meta-col"><div class="product-item-meta-row"><span class="product-item-meta-label"><font style="vertical-align: inherit;"><font style="vertical-align: inherit;">Best before </font></font><font style="vertical-align: inherit;"><font style="vertical-align: inherit;">: </font></font></span> <nobr class=""><font style="vertical-align: inherit;"><font style="vertical-align: inherit;">11/30/2020</font></font></nobr></div><div class="product-item-meta-row"><span class="product-item-meta-label"><font style="vertical-align: inherit;"><font style="vertical-align: inherit;">Remaining </font></font><font style="vertical-align: inherit;"><font style="vertical-align: inherit;">:</font></font></span> <font style="vertical-align: inherit;"><font style="vertical-align: inherit;"> 100+</font></font></div></div></div><div property="description" class="product-item-description"><font style="vertical-align: inherit;"><font style="vertical-align: inherit;">Lipton's black classic tea.</font></font></div><div class="info-links"><div class="product-item-meta-col"><button class="info-link"><font style="vertical-align: inherit;"><font style="vertical-align: inherit;">General information about our product information</font></font><span class="info-icon"></span></button></div></div></div></div><div class="recommended-products"><div><div class="product-list"><div class="product-list__heading-container page-header product-list__heading-container--compact"><h1 class="product-list__heading product-list__heading--compact"><font style="vertical-align: inherit;"><font style="vertical-align: inherit;">You might like these too</font></font></h1></div><ul class="product-list__products product-list__products--grid3 product-list__products--7-items product-list__products--single-row"><li class="product-item product-grid-item product-item--grid3 product-item--FI"><div><a class="product-item-link" href="https://www.matsmart.fi/"><div class="product-grid-item-container"><div class="product-grid-item-image-col"><img src="./tea_files/marlihedelmavital.jpg" srcset="https://cdn3.matsmart.se/sites/se/files/styles/product_teaser/public/products/marlihedelmavital.jpg?itok=qulJH0xP, https://cdn3.matsmart.se/sites/se/files/styles/product_teaser_2x/public/products/marlihedelmavital.jpg?itok=5Ar0DFph 2x" alt="product" title="Best before: 14.05.2021" loading="lazy"></div><div class="product-item-price"><div property="offers" typeof="Offer" class="product-item-multi-price-wrapper"><meta property="availability" href="http://schema.org/InStock"><meta property="url" content="https://matsmart.fiundefined"><span class="product-item-multi-price-label"><font style="vertical-align: inherit;"><font style="vertical-align: inherit;">9pcs</font></font></span><div class="product-item-price-numbers product-item-price-numbers--multi-price product-item-price-numbers--FI"><span property="price" content="6" class="product-price-title"><font style="vertical-align: inherit;"><font style="vertical-align: inherit;">6</font></font></span><meta property="priceCurrency" content="EUR"><span class="product-price-title medium"><font style="vertical-align: inherit;"><font style="vertical-align: inherit;">€</font></font></span></div><span content="0.69" class="product-item-multi-price-single-price"><font style="vertical-align: inherit;"><font style="vertical-align: inherit;">0.69 € </font></font><font style="vertical-align: inherit;"><font style="vertical-align: inherit;">/ pc</font></font></span></div></div></div><div class="product-grid-item-container product-grid-item-label-header"><span class="label"><font style="vertical-align: inherit;"><font style="vertical-align: inherit;">Marli Vital Fruit Nectar</font></font></span><span class="brand-and-weight"><font style="vertical-align: inherit;"><font style="vertical-align: inherit;">Marli </font></font> <font style="vertical-align: inherit;"><font style="vertical-align: inherit;">| </font></font> <font style="vertical-align: inherit;"><font style="vertical-align: inherit;">250ml</font></font></span></div></a></div><div class="actions-container"><div class="favorite-button"><button class="create-favorite-button"><font style="vertical-align: inherit;"><font style="vertical-align: inherit;">save</font></font></button></div><div class="savings-container"><div class="saved-amount"><span><font style="vertical-align: inherit;"><font style="vertical-align: inherit;">You save</font></font> </span><span><font style="vertical-align: inherit;"><font style="vertical-align: inherit;">1.65 € </font></font><font style="vertical-align: inherit;"><font style="vertical-align: inherit;">/ 9 pcs</font></font></span></div><div class="savings-info"><span class="savings-percentage"><font style="vertical-align: inherit;"><font style="vertical-align: inherit;">- </font></font><font style="vertical-align: inherit;"><font style="vertical-align: inherit;">22%</font></font></span><p class="product-item-old-price"><span class="product-item-old-price line-through"><font style="vertical-align: inherit;"><font style="vertical-align: inherit;">0.85 € / pc</font></font></span></p></div></div><div class="buy-box-container buy-box-container--mini"><div class="buy-box"><button class="buy-button"><span class="buy-button-label"><font style="vertical-align: inherit;"><font style="vertical-align: inherit;">Buy</font></font></span><svg class="buy-button-checkmark" x="0px" y="0px" width="32px" height="32px" viewBox="0 0 32 32"><path class="buy-button-checkmark-path" stroke-dasharray="19.79 19.79" stroke-dashoffset="19.79" fill="none" stroke="#FFFFFF" stroke-width="2" stroke-linecap="square" stroke-miterlimit="10" d="M9,17l3.9,3.9c0.1,0.1,0.2,0.1,0.3,0L23,11"></path></svg></button></div></div></div></li><li class="product-item product-grid-item product-item--grid3 product-item--FI"><div><a class="product-item-link" href="https://www.matsmart.fi/"><div class="product-grid-item-container"><div class="product-grid-item-image-col"><img src="./tea_files/taffel_grils.jpg" srcset="https://cdn4.matsmart.se/sites/se/files/styles/product_teaser/public/products/taffel_grils.jpg?itok=HOcIVf7n, https://cdn4.matsmart.se/sites/se/files/styles/product_teaser_2x/public/products/taffel_grils.jpg?itok=JtgMZiyP 2x" alt="product" title="Best before: 29.10.2020" loading="lazy"></div><div class="product-item-price"><div property="offers" typeof="Offer" class="product-item-price-numbers product-item-price-numbers--FI"><meta property="availability" href="http://schema.org/InStock"><meta property="url" content="https://matsmart.fiundefined"><meta property="priceCurrency" content="EUR"><span property="price" content="1.69" class="product-price-title"><font style="vertical-align: inherit;"><font style="vertical-align: inherit;">1.69</font></font></span><span class="product-price-title medium"><font style="vertical-align: inherit;"><font style="vertical-align: inherit;">€</font></font></span></div></div></div><div class="product-grid-item-container product-grid-item-label-header"><span class="label"><font style="vertical-align: inherit;"><font style="vertical-align: inherit;">Taffel Grills</font></font></span><span class="brand-and-weight"><font style="vertical-align: inherit;"><font style="vertical-align: inherit;">Taffel </font></font> <font style="vertical-align: inherit;"><font style="vertical-align: inherit;">| </font></font> <font style="vertical-align: inherit;"><font style="vertical-align: inherit;">325g</font></font></span></div></a></div><div class="actions-container"><div class="favorite-button"><button class="create-favorite-button"><font style="vertical-align: inherit;"><font style="vertical-align: inherit;">save</font></font></button></div><div class="savings-container"><div class="saved-amount"><span><font style="vertical-align: inherit;"><font style="vertical-align: inherit;">You save</font></font> </span><span><font style="vertical-align: inherit;"><font style="vertical-align: inherit;">€ 0.90</font></font></span></div><div class="savings-info"><span class="savings-percentage"><font style="vertical-align: inherit;"><font style="vertical-align: inherit;">- </font></font><font style="vertical-align: inherit;"><font style="vertical-align: inherit;">35%</font></font></span><p class="product-item-old-price"><span class="product-item-old-price line-through"><font style="vertical-align: inherit;"><font style="vertical-align: inherit;">2.59 € / pc</font></font></span></p></div></div><div class="buy-box-container buy-box-container--mini"><div class="buy-box"><button class="buy-button"><span class="buy-button-label"><font style="vertical-align: inherit;"><font style="vertical-align: inherit;">Buy</font></font></span><svg class="buy-button-checkmark" x="0px" y="0px" width="32px" height="32px" viewBox="0 0 32 32"><path class="buy-button-checkmark-path" stroke-dasharray="19.79 19.79" stroke-dashoffset="19.79" fill="none" stroke="#FFFFFF" stroke-width="2" stroke-linecap="square" stroke-miterlimit="10" d="M9,17l3.9,3.9c0.1,0.1,0.2,0.1,0.3,0L23,11"></path></svg></button></div></div></div></li><li class="product-item product-grid-item product-item--grid3 product-item--FI"><div><a class="product-item-link" href="https://www.matsmart.fi/"><div class="product-grid-item-container"><div class="product-grid-item-image-col"><img src="./tea_files/always_ultra_instantdry_100_protection_1_normal_10pack_ny.jpg" srcset="https://cdn3.matsmart.se/sites/se/files/styles/product_teaser/public/products/always_ultra_instantdry_100_protection_1_normal_10pack_ny.jpg?itok=dmj5dfYd, https://cdn3.matsmart.se/sites/se/files/styles/product_teaser_2x/public/products/always_ultra_instantdry_100_protection_1_normal_10pack_ny.jpg?itok=mPQXabjL 2x" alt="product" title="" loading="lazy"></div><div class="product-item-price"><div property="offers" typeof="Offer" class="product-item-multi-price-wrapper"><meta property="availability" href="http://schema.org/InStock"><meta property="url" content="https://matsmart.fiundefined"><span class="product-item-multi-price-label"><font style="vertical-align: inherit;"><font style="vertical-align: inherit;">2 pieces</font></font></span><div class="product-item-price-numbers product-item-price-numbers--multi-price product-item-price-numbers--FI"><span property="price" content="3" class="product-price-title"><font style="vertical-align: inherit;"><font style="vertical-align: inherit;">3</font></font></span><meta property="priceCurrency" content="EUR"><span class="product-price-title medium"><font style="vertical-align: inherit;"><font style="vertical-align: inherit;">€</font></font></span></div><span content="1.69" class="product-item-multi-price-single-price"><font style="vertical-align: inherit;"><font style="vertical-align: inherit;">1.69 € </font></font><font style="vertical-align: inherit;"><font style="vertical-align: inherit;">/ pc</font></font></span></div></div></div><div class="product-grid-item-container product-grid-item-label-header"><span class="label"><font style="vertical-align: inherit;"><font style="vertical-align: inherit;">Sanitary napkins Normal Plus</font></font></span><span class="brand-and-weight"><font style="vertical-align: inherit;"><font style="vertical-align: inherit;">Always </font></font> <font style="vertical-align: inherit;"><font style="vertical-align: inherit;">| </font></font> <font style="vertical-align: inherit;"><font style="vertical-align: inherit;">10-pack</font></font></span></div></a></div><div class="actions-container"><div class="favorite-button"><button class="create-favorite-button"><font style="vertical-align: inherit;"><font style="vertical-align: inherit;">save</font></font></button></div><div class="savings-container"><div class="saved-amount"><span><font style="vertical-align: inherit;"><font style="vertical-align: inherit;">You save</font></font> </span><span><font style="vertical-align: inherit;"><font style="vertical-align: inherit;">1.98 € </font></font><font style="vertical-align: inherit;"><font style="vertical-align: inherit;">/ 2 pcs</font></font></span></div><div class="savings-info"><span class="savings-percentage"><font style="vertical-align: inherit;"><font style="vertical-align: inherit;">- </font></font><font style="vertical-align: inherit;"><font style="vertical-align: inherit;">40%</font></font></span><p class="product-item-old-price"><span class="product-item-old-price line-through"><font style="vertical-align: inherit;"><font style="vertical-align: inherit;">2.49 € / pc</font></font></span></p></div></div><div class="buy-box-container buy-box-container--mini"><div class="buy-box"><button class="buy-button"><span class="buy-button-label"><font style="vertical-align: inherit;"><font style="vertical-align: inherit;">Buy</font></font></span><svg class="buy-button-checkmark" x="0px" y="0px" width="32px" height="32px" viewBox="0 0 32 32"><path class="buy-button-checkmark-path" stroke-dasharray="19.79 19.79" stroke-dashoffset="19.79" fill="none" stroke="#FFFFFF" stroke-width="2" stroke-linecap="square" stroke-miterlimit="10" d="M9,17l3.9,3.9c0.1,0.1,0.2,0.1,0.3,0L23,11"></path></svg></button></div></div></div></li><li class="product-item product-grid-item product-item--grid3 product-item--FI"><div><a class="product-item-link" href="https://www.matsmart.fi/"><div class="product-grid-item-container"><div class="product-grid-item-image-col"><img src="./tea_files/24-pack_tob_toblerone_35g_1.jpg" srcset="https://cdn3.matsmart.se/sites/se/files/styles/product_teaser/public/products/24-pack_tob_toblerone_35g_1.jpg?itok=3jgmVOIA, https://cdn3.matsmart.se/sites/se/files/styles/product_teaser_2x/public/products/24-pack_tob_toblerone_35g_1.jpg?itok=Ebsa4rD7 2x" alt="product" title="Best before: 26.05.2021" loading="lazy"></div><div class="product-item-price"><div property="offers" typeof="Offer" class="product-item-price-numbers product-item-price-numbers--FI"><meta property="availability" href="http://schema.org/InStock"><meta property="url" content="https://matsmart.fiundefined"><meta property="priceCurrency" content="EUR"><span property="price" content="9.99" class="product-price-title"><font style="vertical-align: inherit;"><font style="vertical-align: inherit;">9.99</font></font></span><span class="product-price-title medium"><font style="vertical-align: inherit;"><font style="vertical-align: inherit;">€</font></font></span></div></div></div><div class="product-grid-item-container product-grid-item-label-header"><span class="label"><font style="vertical-align: inherit;"><font style="vertical-align: inherit;">Toblerone Chocolate Bars 24pcs</font></font></span><span class="brand-and-weight"><font style="vertical-align: inherit;"><font style="vertical-align: inherit;">Toblerone </font></font> <font style="vertical-align: inherit;"><font style="vertical-align: inherit;">| </font></font> <font style="vertical-align: inherit;"><font style="vertical-align: inherit;">24 x 35g</font></font></span></div></a></div><div class="actions-container"><div class="favorite-button"><button class="create-favorite-button"><font style="vertical-align: inherit;"><font style="vertical-align: inherit;">save</font></font></button></div><div class="savings-container"><div class="saved-amount"><span><font style="vertical-align: inherit;"><font style="vertical-align: inherit;">You save</font></font> </span><span><font style="vertical-align: inherit;"><font style="vertical-align: inherit;">€ 4.00</font></font></span></div><div class="savings-info"><span class="savings-percentage"><font style="vertical-align: inherit;"><font style="vertical-align: inherit;">- </font></font><font style="vertical-align: inherit;"><font style="vertical-align: inherit;">29%</font></font></span><p class="product-item-old-price"><span class="product-item-old-price line-through"><font style="vertical-align: inherit;"><font style="vertical-align: inherit;">€ 13.99 / each</font></font></span></p></div></div><div class="buy-box-container buy-box-container--mini"><div class="buy-box"><button class="buy-button"><span class="buy-button-label"><font style="vertical-align: inherit;"><font style="vertical-align: inherit;">Buy</font></font></span><svg class="buy-button-checkmark" x="0px" y="0px" width="32px" height="32px" viewBox="0 0 32 32"><path class="buy-button-checkmark-path" stroke-dasharray="19.79 19.79" stroke-dashoffset="19.79" fill="none" stroke="#FFFFFF" stroke-width="2" stroke-linecap="square" stroke-miterlimit="10" d="M9,17l3.9,3.9c0.1,0.1,0.2,0.1,0.3,0L23,11"></path></svg></button></div></div></div></li><li class="product-item product-grid-item product-item--grid3 product-item--FI"><div><a class="product-item-link" href="https://www.matsmart.fi/"><div class="product-grid-item-container"><div class="product-grid-item-image-col"><img src="./tea_files/always_fresh_protect_20pack.jpg" srcset="https://cdn2.matsmart.se/sites/se/files/styles/product_teaser/public/products/always_fresh_protect_20pack.jpg?itok=3odtDcFh, https://cdn2.matsmart.se/sites/se/files/styles/product_teaser_2x/public/products/always_fresh_protect_20pack.jpg?itok=SMJr8h3l 2x" alt="product" title="" loading="lazy"></div><div class="product-item-price"><div property="offers" typeof="Offer" class="product-item-multi-price-wrapper"><meta property="availability" href="http://schema.org/InStock"><meta property="url" content="https://matsmart.fiundefined"><span class="product-item-multi-price-label"><font style="vertical-align: inherit;"><font style="vertical-align: inherit;">2 pieces</font></font></span><div class="product-item-price-numbers product-item-price-numbers--multi-price product-item-price-numbers--FI"><span property="price" content="3" class="product-price-title"><font style="vertical-align: inherit;"><font style="vertical-align: inherit;">3</font></font></span><meta property="priceCurrency" content="EUR"><span class="product-price-title medium"><font style="vertical-align: inherit;"><font style="vertical-align: inherit;">€</font></font></span></div><span content="1.99" class="product-item-multi-price-single-price"><font style="vertical-align: inherit;"><font style="vertical-align: inherit;">1.99 € </font></font><font style="vertical-align: inherit;"><font style="vertical-align: inherit;">/ pc</font></font></span></div></div></div><div class="product-grid-item-container product-grid-item-label-header"><span class="label"><font style="vertical-align: inherit;"><font style="vertical-align: inherit;">Panty protection Fresh &amp; Protect 20pcs</font></font></span><span class="brand-and-weight"><font style="vertical-align: inherit;"><font style="vertical-align: inherit;">Always </font></font> <font style="vertical-align: inherit;"><font style="vertical-align: inherit;">| </font></font> <font style="vertical-align: inherit;"><font style="vertical-align: inherit;">20-pack</font></font></span></div></a></div><div class="actions-container"><div class="favorite-button"><button class="create-favorite-button"><font style="vertical-align: inherit;"><font style="vertical-align: inherit;">save</font></font></button></div><div class="savings-container"><div class="saved-amount"><span><font style="vertical-align: inherit;"><font style="vertical-align: inherit;">You save</font></font> </span><span><font style="vertical-align: inherit;"><font style="vertical-align: inherit;">1.76 € </font></font><font style="vertical-align: inherit;"><font style="vertical-align: inherit;">/ 2 pcs</font></font></span></div><div class="savings-info"><span class="savings-percentage"><font style="vertical-align: inherit;"><font style="vertical-align: inherit;">- </font></font><font style="vertical-align: inherit;"><font style="vertical-align: inherit;">37%</font></font></span><p class="product-item-old-price"><span class="product-item-old-price line-through"><font style="vertical-align: inherit;"><font style="vertical-align: inherit;">2.38 € / pc</font></font></span></p></div></div><div class="buy-box-container buy-box-container--mini"><div class="buy-box"><button class="buy-button"><span class="buy-button-label"><font style="vertical-align: inherit;"><font style="vertical-align: inherit;">Buy</font></font></span><svg class="buy-button-checkmark" x="0px" y="0px" width="32px" height="32px" viewBox="0 0 32 32"><path class="buy-button-checkmark-path" stroke-dasharray="19.79 19.79" stroke-dashoffset="19.79" fill="none" stroke="#FFFFFF" stroke-width="2" stroke-linecap="square" stroke-miterlimit="10" d="M9,17l3.9,3.9c0.1,0.1,0.2,0.1,0.3,0L23,11"></path></svg></button></div></div></div></li><li class="product-item product-grid-item product-item--grid3 product-item--FI"><div><a class="product-item-link" href="https://www.matsmart.fi/"><div class="product-grid-item-container"><div class="product-grid-item-image-col"><img src="./tea_files/fusilli_400g.jpg" srcset="https://cdn3.matsmart.se/sites/se/files/styles/product_teaser/public/products/fusilli_400g.jpg?itok=aVpaLuDW, https://cdn3.matsmart.se/sites/se/files/styles/product_teaser_2x/public/products/fusilli_400g.jpg?itok=7EUoS-ZE 2x" alt="product" title="Best before: 14.09.2023" loading="lazy"></div><div class="product-item-price"><div property="offers" typeof="Offer" class="product-item-multi-price-wrapper"><meta property="availability" href="http://schema.org/InStock"><meta property="url" content="https://matsmart.fiundefined"><span class="product-item-multi-price-label"><font style="vertical-align: inherit;"><font style="vertical-align: inherit;">3 pcs</font></font></span><div class="product-item-price-numbers product-item-price-numbers--multi-price product-item-price-numbers--FI"><span property="price" content="3" class="product-price-title"><font style="vertical-align: inherit;"><font style="vertical-align: inherit;">3</font></font></span><meta property="priceCurrency" content="EUR"><span class="product-price-title medium"><font style="vertical-align: inherit;"><font style="vertical-align: inherit;">€</font></font></span></div><span content="1.19" class="product-item-multi-price-single-price"><font style="vertical-align: inherit;"><font style="vertical-align: inherit;">1.19 € </font></font><font style="vertical-align: inherit;"><font style="vertical-align: inherit;">/ pc</font></font></span></div></div></div><div class="product-grid-item-container product-grid-item-label-header"><span class="label"><font style="vertical-align: inherit;"><font style="vertical-align: inherit;">Pasta Fusilli</font></font></span><span class="brand-and-weight"><font style="vertical-align: inherit;"><font style="vertical-align: inherit;">Presto </font></font> <font style="vertical-align: inherit;"><font style="vertical-align: inherit;">| </font></font> <font style="vertical-align: inherit;"><font style="vertical-align: inherit;">400g</font></font></span></div></a></div><div class="actions-container"><div class="favorite-button"><button class="create-favorite-button"><font style="vertical-align: inherit;"><font style="vertical-align: inherit;">save</font></font></button></div><div class="savings-container"><div class="saved-amount"><span><font style="vertical-align: inherit;"><font style="vertical-align: inherit;">You save</font></font> </span><span><font style="vertical-align: inherit;"><font style="vertical-align: inherit;">1.47 € </font></font><font style="vertical-align: inherit;"><font style="vertical-align: inherit;">/ 3 pcs</font></font></span></div><div class="savings-info"><span class="savings-percentage"><font style="vertical-align: inherit;"><font style="vertical-align: inherit;">- </font></font><font style="vertical-align: inherit;"><font style="vertical-align: inherit;">33%</font></font></span><p class="product-item-old-price"><span class="product-item-old-price line-through"><font style="vertical-align: inherit;"><font style="vertical-align: inherit;">1.49 € / pc</font></font></span></p></div></div><div class="buy-box-container buy-box-container--mini"><div class="buy-box"><button class="buy-button"><span class="buy-button-label"><font style="vertical-align: inherit;"><font style="vertical-align: inherit;">Buy</font></font></span><svg class="buy-button-checkmark" x="0px" y="0px" width="32px" height="32px" viewBox="0 0 32 32"><path class="buy-button-checkmark-path" stroke-dasharray="19.79 19.79" stroke-dashoffset="19.79" fill="none" stroke="#FFFFFF" stroke-width="2" stroke-linecap="square" stroke-miterlimit="10" d="M9,17l3.9,3.9c0.1,0.1,0.2,0.1,0.3,0L23,11"></path></svg></button></div></div></div></li><li class="product-item product-grid-item product-item--grid3 product-item--FI"><div><a class="product-item-link" href="https://www.matsmart.fi/"><div class="product-grid-item-container"><div class="product-grid-item-image-col"><img src="./tea_files/twix_ny.jpg" srcset="https://cdn4.matsmart.se/sites/se/files/styles/product_teaser/public/products/twix_ny.jpg?itok=_V25AbTi, https://cdn4.matsmart.se/sites/se/files/styles/product_teaser_2x/public/products/twix_ny.jpg?itok=H5-8nzSY 2x" alt="product" title="Best before: 11/15/2020" loading="lazy"></div><div class="product-item-price"><div property="offers" typeof="Offer" class="product-item-multi-price-wrapper"><meta property="availability" href="http://schema.org/InStock"><meta property="url" content="https://matsmart.fiundefined"><span class="product-item-multi-price-label"><font style="vertical-align: inherit;"><font style="vertical-align: inherit;">5pcs</font></font></span><div class="product-item-price-numbers product-item-price-numbers--multi-price product-item-price-numbers--FI"><span property="price" content="2" class="product-price-title"><font style="vertical-align: inherit;"><font style="vertical-align: inherit;">2</font></font></span><meta property="priceCurrency" content="EUR"><span class="product-price-title medium"><font style="vertical-align: inherit;"><font style="vertical-align: inherit;">€</font></font></span></div><span content="0.49" class="product-item-multi-price-single-price"><font style="vertical-align: inherit;"><font style="vertical-align: inherit;">0.49 € </font></font><font style="vertical-align: inherit;"><font style="vertical-align: inherit;">/ pc</font></font></span></div></div></div><div class="product-grid-item-container product-grid-item-label-header"><span class="label"><font style="vertical-align: inherit;"><font style="vertical-align: inherit;">Twix Chocolate bar</font></font></span><span class="brand-and-weight"><font style="vertical-align: inherit;"><font style="vertical-align: inherit;">Twix </font></font> <font style="vertical-align: inherit;"><font style="vertical-align: inherit;">| </font></font> <font style="vertical-align: inherit;"><font style="vertical-align: inherit;">50 g</font></font></span></div></a></div><div class="actions-container"><div class="favorite-button"><button class="create-favorite-button"><font style="vertical-align: inherit;"><font style="vertical-align: inherit;">save</font></font></button></div><div class="savings-container"><div class="saved-amount"><span><font style="vertical-align: inherit;"><font style="vertical-align: inherit;">You save</font></font> </span><span><font style="vertical-align: inherit;"><font style="vertical-align: inherit;">0.70 € </font></font><font style="vertical-align: inherit;"><font style="vertical-align: inherit;">/ 5 pcs</font></font></span></div><div class="savings-info"><span class="savings-percentage"><font style="vertical-align: inherit;"><font style="vertical-align: inherit;">- </font></font><font style="vertical-align: inherit;"><font style="vertical-align: inherit;">26%</font></font></span><p class="product-item-old-price"><span class="product-item-old-price line-through"><font style="vertical-align: inherit;"><font style="vertical-align: inherit;">0.54 € / pc</font></font></span></p></div></div><div class="buy-box-container buy-box-container--mini"><div class="buy-box"><button class="buy-button"><span class="buy-button-label"><font style="vertical-align: inherit;"><font style="vertical-align: inherit;">Buy</font></font></span><svg class="buy-button-checkmark" x="0px" y="0px" width="32px" height="32px" viewBox="0 0 32 32"><path class="buy-button-checkmark-path" stroke-dasharray="19.79 19.79" stroke-dashoffset="19.79" fill="none" stroke="#FFFFFF" stroke-width="2" stroke-linecap="square" stroke-miterlimit="10" d="M9,17l3.9,3.9c0.1,0.1,0.2,0.1,0.3,0L23,11"></path></svg></button></div></div></div></li></ul></div></div></div><a class="usp-banner index0" href="https://www.matsmart.fi/info/matsmartin-ymparistosankarin-opas"><picture><source media="(max-width: 800px)" srcset="//images.ctfassets.net/7k9ym4r9m5r2/6yqm0AsukpAipFmjtf4QIx/6c83dc4b528b3bb0ed7f17857e266c84/Artboard_26-100.jpg"><source media="(min-width: 801px)" srcset="//images.ctfassets.net/7k9ym4r9m5r2/7rcTDqPXLtejctu1tMFJ55/e170d3391dfe515c76d69f014226f1ea/Artboard_7-100.jpg"><img src="./tea_files/Artboard_7-100.jpg" alt=""></picture></a><div><div class="product-list"><div class="product-list__heading-container page-header"><h1 class="product-list__heading"><font style="vertical-align: inherit;"><font style="vertical-align: inherit;">Pantry</font></font></h1><div class="product-list__heading-subitems"><span class="product-list__heading-subitem"><a class="product-list__heading-subitem-link" href="https://www.matsmart.fi/pastat-riisit-nuudelit"><font style="vertical-align: inherit;"><font style="vertical-align: inherit;">Pastas, Rice &amp; Noodles</font></font></a></span><span class="product-list__heading-subitem"><a class="product-list__heading-subitem-link" href="https://www.matsmart.fi/sailykkeet-ateria-ainekset"><font style="vertical-align: inherit;"><font style="vertical-align: inherit;">Canned Food &amp; Meal Ingredients</font></font></a></span><span class="product-list__heading-subitem"><a class="product-list__heading-subitem-link" href="https://www.matsmart.fi/maustaminen"><font style="vertical-align: inherit;"><font style="vertical-align: inherit;">Seasoning</font></font></a></span><span class="product-list__heading-subitem"><a class="product-list__heading-subitem-link" href="https://www.matsmart.fi/kastikkeet-oljyt-0"><font style="vertical-align: inherit;"><font style="vertical-align: inherit;">Sauces &amp; Oils</font></font></a></span><span class="product-list__heading-subitem"><a class="product-list__heading-subitem-link" href="https://www.matsmart.fi/kahvit-teet"><font style="vertical-align: inherit;"><font style="vertical-align: inherit;">Coffee &amp; Tea</font></font></a></span><span class="product-list__heading-subitem"><a class="product-list__heading-subitem-link" href="https://www.matsmart.fi/hiutaleet-murot-myslit"><font style="vertical-align: inherit;"><font style="vertical-align: inherit;">Flakes, Cereals &amp; Muesli</font></font></a></span><span class="product-list__heading-subitem"><a class="product-list__heading-subitem-link" href="https://www.matsmart.fi/leivonta-jalkiruoat"><font style="vertical-align: inherit;"><font style="vertical-align: inherit;">Baking &amp; Desserts</font></font></a></span></div></div><div class="product-list-toolbar"><div class="product-list-toolbar-buttons"><button class="product-list-toolbar-button product-list-toolbar-button--grid2 product-list-toolbar-button--active" name="grid2"><font style="vertical-align: inherit;"><font style="vertical-align: inherit;">grid2</font></font></button><button class="product-list-toolbar-button product-list-toolbar-button--grid3" name="grid3"><font style="vertical-align: inherit;"><font style="vertical-align: inherit;">grid3</font></font></button></div><div class="product-list-toolbar-dropdown product-list-toolbar-dropdown--arrow"><button class="product-list-toolbar-dropdown-toggle"><font style="vertical-align: inherit;"><font style="vertical-align: inherit;">Order</font></font></button><div class="overlay-background hidden"><div class="product-list-toolbar-dropdown-list overlay hidden"><h2 class="overlay-heading">Järjestys</h2><button class="overlay-close-button">close</button><div class="product-list-toolbar-dropdown-list-option product-list-toolbar-dropdown-list-option--selected"><label class="product-list-toolbar-dropdown-list-option-label" for="Suosittelemme-default">Suosittelemme</label><input type="radio" name="Suosittelemme-default" id="Suosittelemme-default" class="product-list-toolbar-dropdown-list-option-radio" value="default" checked=""></div><div class="product-list-toolbar-dropdown-list-option"><label class="product-list-toolbar-dropdown-list-option-label" for="Edullisimmat ensin-price">Edullisimmat ensin</label><input type="radio" name="Edullisimmat ensin-price" id="Edullisimmat ensin-price" class="product-list-toolbar-dropdown-list-option-radio" value="price"></div><div class="product-list-toolbar-dropdown-list-option"><label class="product-list-toolbar-dropdown-list-option-label" for="Uusimmat ensin-latest">Uusimmat ensin</label><input type="radio" name="Uusimmat ensin-latest" id="Uusimmat ensin-latest" class="product-list-toolbar-dropdown-list-option-radio" value="latest"></div><div class="product-list-toolbar-dropdown-list-option"><label class="product-list-toolbar-dropdown-list-option-label" for="Parhaat säästöt-discount">Parhaat säästöt</label><input type="radio" name="Parhaat säästöt-discount" id="Parhaat säästöt-discount" class="product-list-toolbar-dropdown-list-option-radio" value="discount"></div><div class="product-list-toolbar-dropdown-list-option"><label class="product-list-toolbar-dropdown-list-option-label" for="Saatavuus-stock">Saatavuus</label><input type="radio" name="Saatavuus-stock" id="Saatavuus-stock" class="product-list-toolbar-dropdown-list-option-radio" value="stock"></div><div class="product-list-toolbar-dropdown-list-option"><label class="product-list-toolbar-dropdown-list-option-label" for="Lyhyet päiväykset-expiration">Lyhyet päiväykset</label><input type="radio" name="Lyhyet päiväykset-expiration" id="Lyhyet päiväykset-expiration" class="product-list-toolbar-dropdown-list-option-radio" value="expiration"></div><div class="product-list-toolbar-dropdown-list-option"><label class="product-list-toolbar-dropdown-list-option-label" for="Painon mukaan (Kevyin ensin)-weight">Painon mukaan (Kevyin ensin)</label><input type="radio" name="Painon mukaan (Kevyin ensin)-weight" id="Painon mukaan (Kevyin ensin)-weight" class="product-list-toolbar-dropdown-list-option-radio" value="weight"></div></div></div></div><div class="product-list-toolbar-dropdown product-list-toolbar-dropdown--filter"><button class="product-list-toolbar-dropdown-toggle"><font style="vertical-align: inherit;"><font style="vertical-align: inherit;">Rajaa</font></font></button><div class="overlay-background hidden"><div class="product-list-toolbar-dropdown-list overlay hidden"><h2 class="overlay-heading">Rajaa</h2><button class="overlay-close-button">close</button><div class="product-list-toolbar-dropdown-list-option product-list-toolbar-dropdown-list-option--selected"><label class="product-list-toolbar-dropdown-list-option-label" for="Ei rajoitusta-default">Ei rajoitusta</label><input type="radio" name="Ei rajoitusta-default" id="Ei rajoitusta-default" class="product-list-toolbar-dropdown-list-option-radio" value="default" checked=""></div><div class="product-list-toolbar-dropdown-list-option"><label class="product-list-toolbar-dropdown-list-option-label" for="Vain luomutuotteet-eco">Vain luomutuotteet</label><input type="radio" name="Vain luomutuotteet-eco" id="Vain luomutuotteet-eco" class="product-list-toolbar-dropdown-list-option-radio" value="eco"></div><div class="product-list-toolbar-dropdown-list-option"><label class="product-list-toolbar-dropdown-list-option-label" for="Vain gluteenittomat tuotteet-glutenfree">Vain gluteenittomat tuotteet</label><input type="radio" name="Vain gluteenittomat tuotteet-glutenfree" id="Vain gluteenittomat tuotteet-glutenfree" class="product-list-toolbar-dropdown-list-option-radio" value="glutenfree"></div></div></div></div></div><ul class="product-list__products product-list__products--grid2 product-list__products--157-items"><li class="product-item product-grid-item product-item--grid2 product-item--FI"><div><a class="product-item-link" href="https://www.matsmart.fi/kahvi-fika"><div class="product-grid-item-container"><div class="product-grid-item-image-col"><img src="./tea_files/lofbergs_fika.jpg" srcset="https://cdn2.matsmart.se/sites/se/files/styles/product_teaser/public/products/lofbergs_fika.jpg?itok=Tq2N7VrD, https://cdn2.matsmart.se/sites/se/files/styles/product_teaser_2x/public/products/lofbergs_fika.jpg?itok=H8-_ZwAI 2x" alt="product" title="Best before: 31.08.2021" loading="lazy"></div><div class="product-item-price"><div property="offers" typeof="Offer" class="product-item-multi-price-wrapper"><meta property="availability" href="http://schema.org/InStock"><meta property="url" content="https://matsmart.fiundefined"><span class="product-item-multi-price-label"><font style="vertical-align: inherit;"><font style="vertical-align: inherit;">2 pieces</font></font></span><div class="product-item-price-numbers product-item-price-numbers--multi-price product-item-price-numbers--FI"><span property="price" content="2" class="product-price-title"><font style="vertical-align: inherit;"><font style="vertical-align: inherit;">2</font></font></span><meta property="priceCurrency" content="EUR"><span class="product-price-title medium"><font style="vertical-align: inherit;"><font style="vertical-align: inherit;">€</font></font></span></div><span content="2.99" class="product-item-multi-price-single-price"><font style="vertical-align: inherit;"><font style="vertical-align: inherit;">2.99 € </font></font><font style="vertical-align: inherit;"><font style="vertical-align: inherit;">/ pc</font></font></span></div></div></div><div class="product-grid-item-container product-grid-item-label-header"><span class="label"><font style="vertical-align: inherit;"><font style="vertical-align: inherit;">Coffee Fika</font></font></span><span class="brand-and-weight"><font style="vertical-align: inherit;"><font style="vertical-align: inherit;">Löfbergs </font></font> <font style="vertical-align: inherit;"><font style="vertical-align: inherit;">| </font></font> <font style="vertical-align: inherit;"><font style="vertical-align: inherit;">450 g</font></font></span></div></a></div><div class="actions-container"><div class="favorite-button"><button class="create-favorite-button"><font style="vertical-align: inherit;"><font style="vertical-align: inherit;">save</font></font></button></div><div class="savings-container"><div class="saved-amount"><span><font style="vertical-align: inherit;"><font style="vertical-align: inherit;">You save</font></font> </span><span><font style="vertical-align: inherit;"><font style="vertical-align: inherit;">5.78 € </font></font><font style="vertical-align: inherit;"><font style="vertical-align: inherit;">/ 2 pcs</font></font></span></div><div class="savings-info"><span class="savings-percentage"><font style="vertical-align: inherit;"><font style="vertical-align: inherit;">- </font></font><font style="vertical-align: inherit;"><font style="vertical-align: inherit;">74%</font></font></span><p class="product-item-old-price"><span class="product-item-old-price line-through"><font style="vertical-align: inherit;"><font style="vertical-align: inherit;">3.89 € / pc</font></font></span></p></div></div><div class="buy-box-container"><div class="buy-box"><button class="buy-button"><span class="buy-button-label"><font style="vertical-align: inherit;"><font style="vertical-align: inherit;">Buy</font></font></span><svg class="buy-button-checkmark" x="0px" y="0px" width="32px" height="32px" viewBox="0 0 32 32"><path class="buy-button-checkmark-path" stroke-dasharray="19.79 19.79" stroke-dashoffset="19.79" fill="none" stroke="#FFFFFF" stroke-width="2" stroke-linecap="square" stroke-miterlimit="10" d="M9,17l3.9,3.9c0.1,0.1,0.2,0.1,0.3,0L23,11"></path></svg></button></div></div></div></li><li class="product-item product-grid-item product-item--grid2 product-item--FI"><div><a class="product-item-link" href="https://www.matsmart.fi/"><div class="product-grid-item-container"><div class="product-grid-item-image-col"><img src="./tea_files/lettuvohvelijauho.jpg" srcset="https://cdn1.matsmart.se/sites/se/files/styles/product_teaser/public/products/lettuvohvelijauho.jpg?itok=rNnbHGhA, https://cdn1.matsmart.se/sites/se/files/styles/product_teaser_2x/public/products/lettuvohvelijauho.jpg?itok=bQhE1HLh 2x" alt="product" title="Best before: 20.01.2021" loading="lazy"></div><div class="product-item-price"><div property="offers" typeof="Offer" class="product-item-multi-price-wrapper"><meta property="availability" href="http://schema.org/InStock"><meta property="url" content="https://matsmart.fiundefined"><span class="product-item-multi-price-label"><font style="vertical-align: inherit;"><font style="vertical-align: inherit;">2 pieces</font></font></span><div class="product-item-price-numbers product-item-price-numbers--multi-price product-item-price-numbers--FI"><span property="price" content="3" class="product-price-title"><font style="vertical-align: inherit;"><font style="vertical-align: inherit;">3</font></font></span><meta property="priceCurrency" content="EUR"><span class="product-price-title medium"><font style="vertical-align: inherit;"><font style="vertical-align: inherit;">€</font></font></span></div><span content="1.59" class="product-item-multi-price-single-price"><font style="vertical-align: inherit;"><font style="vertical-align: inherit;">1.59 € </font></font><font style="vertical-align: inherit;"><font style="vertical-align: inherit;">/ pc</font></font></span></div></div></div><div class="product-grid-item-container product-grid-item-label-header"><span class="label"><font style="vertical-align: inherit;"><font style="vertical-align: inherit;">Pancake &amp; Waffle Powder</font></font></span><span class="brand-and-weight"><font style="vertical-align: inherit;"><font style="vertical-align: inherit;">Sunday </font></font> <font style="vertical-align: inherit;"><font style="vertical-align: inherit;">| </font></font> <font style="vertical-align: inherit;"><font style="vertical-align: inherit;">250g</font></font></span></div></a></div><div class="actions-container"><div class="favorite-button"><button class="create-favorite-button"><font style="vertical-align: inherit;"><font style="vertical-align: inherit;">save</font></font></button></div><div class="savings-container"><div class="saved-amount"><span><font style="vertical-align: inherit;"><font style="vertical-align: inherit;">You save</font></font> </span><span><font style="vertical-align: inherit;"><font style="vertical-align: inherit;">0.78 € </font></font><font style="vertical-align: inherit;"><font style="vertical-align: inherit;">/ 2 pcs</font></font></span></div><div class="savings-info"><span class="savings-percentage"><font style="vertical-align: inherit;"><font style="vertical-align: inherit;">- </font></font><font style="vertical-align: inherit;"><font style="vertical-align: inherit;">21%</font></font></span><p class="product-item-old-price"><span class="product-item-old-price line-through"><font style="vertical-align: inherit;"><font style="vertical-align: inherit;">1.89 € / pc</font></font></span></p></div></div><div class="buy-box-container"><div class="buy-box"><button class="buy-button"><span class="buy-button-label"><font style="vertical-align: inherit;"><font style="vertical-align: inherit;">Buy</font></font></span><svg class="buy-button-checkmark" x="0px" y="0px" width="32px" height="32px" viewBox="0 0 32 32"><path class="buy-button-checkmark-path" stroke-dasharray="19.79 19.79" stroke-dashoffset="19.79" fill="none" stroke="#FFFFFF" stroke-width="2" stroke-linecap="square" stroke-miterlimit="10" d="M9,17l3.9,3.9c0.1,0.1,0.2,0.1,0.3,0L23,11"></path></svg></button></div></div></div></li><li class="product-item product-grid-item product-item--grid2 product-item--FI"><div><a class="product-item-link" href="https://www.matsmart.fi/"><div class="product-grid-item-container"><div class="product-grid-item-image-col"><img src="./tea_files/mai_dijoansenap_squeez_245g_front.jpg" srcset="https://cdn2.matsmart.se/sites/se/files/styles/product_teaser/public/products/mai_dijoansenap_squeez_245g_front.jpg?itok=5f0GbmAp, https://cdn2.matsmart.se/sites/se/files/styles/product_teaser_2x/public/products/mai_dijoansenap_squeez_245g_front.jpg?itok=qnuNA-wL 2x" alt="product" title="Best before: 30.09.2021" loading="lazy"></div><div class="product-item-price"><div property="offers" typeof="Offer" class="product-item-multi-price-wrapper"><meta property="availability" href="http://schema.org/InStock"><meta property="url" content="https://matsmart.fiundefined"><span class="product-item-multi-price-label"><font style="vertical-align: inherit;"><font style="vertical-align: inherit;">2 pieces</font></font></span><div class="product-item-price-numbers product-item-price-numbers--multi-price product-item-price-numbers--FI"><span property="price" content="3" class="product-price-title"><font style="vertical-align: inherit;"><font style="vertical-align: inherit;">3</font></font></span><meta property="priceCurrency" content="EUR"><span class="product-price-title medium"><font style="vertical-align: inherit;"><font style="vertical-align: inherit;">€</font></font></span></div><span content="1.69" class="product-item-multi-price-single-price"><font style="vertical-align: inherit;"><font style="vertical-align: inherit;">1.69 € </font></font><font style="vertical-align: inherit;"><font style="vertical-align: inherit;">/ pc</font></font></span></div></div></div><div class="product-grid-item-container product-grid-item-label-header"><span class="label"><font style="vertical-align: inherit;"><font style="vertical-align: inherit;">Dijon mustard</font></font></span><span class="brand-and-weight"><font style="vertical-align: inherit;"><font style="vertical-align: inherit;">Maille </font></font> <font style="vertical-align: inherit;"><font style="vertical-align: inherit;">| </font></font> <font style="vertical-align: inherit;"><font style="vertical-align: inherit;">245g</font></font></span></div></a></div><div class="actions-container"><div class="favorite-button"><button class="create-favorite-button"><font style="vertical-align: inherit;"><font style="vertical-align: inherit;">save</font></font></button></div><div class="savings-container"><div class="saved-amount"><span><font style="vertical-align: inherit;"><font style="vertical-align: inherit;">You save</font></font> </span><span><font style="vertical-align: inherit;"><font style="vertical-align: inherit;">1.58 € </font></font><font style="vertical-align: inherit;"><font style="vertical-align: inherit;">/ 2 pcs</font></font></span></div><div class="savings-info"><span class="savings-percentage"><font style="vertical-align: inherit;"><font style="vertical-align: inherit;">- </font></font><font style="vertical-align: inherit;"><font style="vertical-align: inherit;">34%</font></font></span><p class="product-item-old-price"><span class="product-item-old-price line-through"><font style="vertical-align: inherit;"><font style="vertical-align: inherit;">2.29 € / pc</font></font></span></p></div></div><div class="buy-box-container"><div class="buy-box"><button class="buy-button"><span class="buy-button-label"><font style="vertical-align: inherit;"><font style="vertical-align: inherit;">Buy</font></font></span><svg class="buy-button-checkmark" x="0px" y="0px" width="32px" height="32px" viewBox="0 0 32 32"><path class="buy-button-checkmark-path" stroke-dasharray="19.79 19.79" stroke-dashoffset="19.79" fill="none" stroke="#FFFFFF" stroke-width="2" stroke-linecap="square" stroke-miterlimit="10" d="M9,17l3.9,3.9c0.1,0.1,0.2,0.1,0.3,0L23,11"></path></svg></button></div></div></div></li><li class="product-item product-grid-item product-item--grid2 product-item--FI"><div><a class="product-item-link" href="https://www.matsmart.fi/"><div class="product-grid-item-container"><div class="product-grid-item-image-col"><img src="./tea_files/snackpot_bolognese.jpg" srcset="https://cdn2.matsmart.se/sites/se/files/styles/product_teaser/public/products/snackpot_bolognese.jpg?itok=QeyGe8rh, https://cdn2.matsmart.se/sites/se/files/styles/product_teaser_2x/public/products/snackpot_bolognese.jpg?itok=O2Mf-jJx 2x" alt="product" title="Best before: 30.09.2021" loading="lazy"></div><div class="product-item-price"><div property="offers" typeof="Offer" class="product-item-multi-price-wrapper"><meta property="availability" href="http://schema.org/InStock"><meta property="url" content="https://matsmart.fiundefined"><span class="product-item-multi-price-label"><font style="vertical-align: inherit;"><font style="vertical-align: inherit;">3 pcs</font></font></span><div class="product-item-price-numbers product-item-price-numbers--multi-price product-item-price-numbers--FI"><span property="price" content="3" class="product-price-title"><font style="vertical-align: inherit;"><font style="vertical-align: inherit;">3</font></font></span><meta property="priceCurrency" content="EUR"><span class="product-price-title medium"><font style="vertical-align: inherit;"><font style="vertical-align: inherit;">€</font></font></span></div><span content="1.19" class="product-item-multi-price-single-price"><font style="vertical-align: inherit;"><font style="vertical-align: inherit;">1.19 € </font></font><font style="vertical-align: inherit;"><font style="vertical-align: inherit;">/ pc</font></font></span></div></div></div><div class="product-grid-item-container product-grid-item-label-header"><span class="label"><font style="vertical-align: inherit;"><font style="vertical-align: inherit;">Snack Pot Bolognese</font></font></span><span class="brand-and-weight"><font style="vertical-align: inherit;"><font style="vertical-align: inherit;">Knorr </font></font> <font style="vertical-align: inherit;"><font style="vertical-align: inherit;">| </font></font> <font style="vertical-align: inherit;"><font style="vertical-align: inherit;">68g</font></font></span></div></a></div><div class="actions-container"><div class="favorite-button"><button class="create-favorite-button"><font style="vertical-align: inherit;"><font style="vertical-align: inherit;">save</font></font></button></div><div class="savings-container"><div class="saved-amount"><span><font style="vertical-align: inherit;"><font style="vertical-align: inherit;">You save</font></font> </span><span><font style="vertical-align: inherit;"><font style="vertical-align: inherit;">1.17 € </font></font><font style="vertical-align: inherit;"><font style="vertical-align: inherit;">/ 3 pcs</font></font></span></div><div class="savings-info"><span class="savings-percentage"><font style="vertical-align: inherit;"><font style="vertical-align: inherit;">- </font></font><font style="vertical-align: inherit;"><font style="vertical-align: inherit;">28%</font></font></span><p class="product-item-old-price"><span class="product-item-old-price line-through"><font style="vertical-align: inherit;"><font style="vertical-align: inherit;">1.39 € / pc</font></font></span></p></div></div><div class="buy-box-container"><div class="buy-box"><button class="buy-button"><span class="buy-button-label"><font style="vertical-align: inherit;"><font style="vertical-align: inherit;">Buy</font></font></span><svg class="buy-button-checkmark" x="0px" y="0px" width="32px" height="32px" viewBox="0 0 32 32"><path class="buy-button-checkmark-path" stroke-dasharray="19.79 19.79" stroke-dashoffset="19.79" fill="none" stroke="#FFFFFF" stroke-width="2" stroke-linecap="square" stroke-miterlimit="10" d="M9,17l3.9,3.9c0.1,0.1,0.2,0.1,0.3,0L23,11"></path></svg></button></div></div></div></li><li class="product-item product-grid-item product-item--grid2 product-item--FI"><div><a class="product-item-link" href="https://www.matsmart.fi/"><div class="product-grid-item-container"><div class="product-grid-item-image-col"><img src="./tea_files/extra_jungfruolja.jpg" srcset="https://cdn1.matsmart.se/sites/se/files/styles/product_teaser/public/products/extra_jungfruolja.jpg?itok=PJIr-0ey, https://cdn1.matsmart.se/sites/se/files/styles/product_teaser_2x/public/products/extra_jungfruolja.jpg?itok=PsHBr3Vl 2x" alt="product" title="The best before: 11/01/2021" loading="lazy"></div><div class="product-item-price"><div property="offers" typeof="Offer" class="product-item-price-numbers product-item-price-numbers--FI"><meta property="availability" href="http://schema.org/InStock"><meta property="url" content="https://matsmart.fiundefined"><meta property="priceCurrency" content="EUR"><span property="price" content="4.99" class="product-price-title"><font style="vertical-align: inherit;"><font style="vertical-align: inherit;">4.99</font></font></span><span class="product-price-title medium"><font style="vertical-align: inherit;"><font style="vertical-align: inherit;">€</font></font></span></div></div></div><div class="product-grid-item-container product-grid-item-label-header"><span class="label"><font style="vertical-align: inherit;"><font style="vertical-align: inherit;">Extra Virgin Olive Oil</font></font></span><span class="brand-and-weight"><font style="vertical-align: inherit;"><font style="vertical-align: inherit;">Fiore </font></font> <font style="vertical-align: inherit;"><font style="vertical-align: inherit;">| </font></font> <font style="vertical-align: inherit;"><font style="vertical-align: inherit;">750ml</font></font></span></div></a></div><div class="actions-container"><div class="favorite-button"><button class="create-favorite-button"><font style="vertical-align: inherit;"><font style="vertical-align: inherit;">save</font></font></button></div><div class="savings-container"><div class="saved-amount"><span><font style="vertical-align: inherit;"><font style="vertical-align: inherit;">You save</font></font> </span><span><font style="vertical-align: inherit;"><font style="vertical-align: inherit;">€ 1.60</font></font></span></div><div class="savings-info"><span class="savings-percentage"><font style="vertical-align: inherit;"><font style="vertical-align: inherit;">- </font></font><font style="vertical-align: inherit;"><font style="vertical-align: inherit;">24%</font></font></span><p class="product-item-old-price"><span class="product-item-old-price line-through"><font style="vertical-align: inherit;"><font style="vertical-align: inherit;">6.59 € / pc</font></font></span></p></div></div><div class="buy-box-container"><div class="buy-box"><button class="buy-button"><span class="buy-button-label"><font style="vertical-align: inherit;"><font style="vertical-align: inherit;">Buy</font></font></span><svg class="buy-button-checkmark" x="0px" y="0px" width="32px" height="32px" viewBox="0 0 32 32"><path class="buy-button-checkmark-path" stroke-dasharray="19.79 19.79" stroke-dashoffset="19.79" fill="none" stroke="#FFFFFF" stroke-width="2" stroke-linecap="square" stroke-miterlimit="10" d="M9,17l3.9,3.9c0.1,0.1,0.2,0.1,0.3,0L23,11"></path></svg></button></div></div></div></li><li class="product-item product-grid-item product-item--grid2 product-item--FI"><div><a class="product-item-link" href="https://www.matsmart.fi/"><div class="product-grid-item-container"><div class="product-grid-item-image-col"><img src="./tea_files/felixmakeuttamatonketsuppi.jpg" srcset="https://cdn3.matsmart.se/sites/se/files/styles/product_teaser/public/products/felixmakeuttamatonketsuppi.jpg?itok=p_4ac4gI, https://cdn3.matsmart.se/sites/se/files/styles/product_teaser_2x/public/products/felixmakeuttamatonketsuppi.jpg?itok=kTpArnvM 2x" alt="product" title="Best before: 01/28/2021" loading="lazy"></div><div class="product-item-price"><div property="offers" typeof="Offer" class="product-item-price-numbers product-item-price-numbers--FI"><meta property="availability" href="http://schema.org/InStock"><meta property="url" content="https://matsmart.fiundefined"><meta property="priceCurrency" content="EUR"><span property="price" content="2.69" class="product-price-title"><font style="vertical-align: inherit;"><font style="vertical-align: inherit;">2.69</font></font></span><span class="product-price-title medium"><font style="vertical-align: inherit;"><font style="vertical-align: inherit;">€</font></font></span></div></div></div><div class="product-grid-item-container product-grid-item-label-header"><span class="label"><font style="vertical-align: inherit;"><font style="vertical-align: inherit;">Unsweetened Ketchup</font></font></span><span class="brand-and-weight"><font style="vertical-align: inherit;"><font style="vertical-align: inherit;">Felix </font></font> <font style="vertical-align: inherit;"><font style="vertical-align: inherit;">| </font></font> <font style="vertical-align: inherit;"><font style="vertical-align: inherit;">970g</font></font></span></div></a></div><div class="actions-container"><div class="favorite-button"><button class="create-favorite-button"><font style="vertical-align: inherit;"><font style="vertical-align: inherit;">save</font></font></button></div><div class="savings-container"><div class="saved-amount"><span><font style="vertical-align: inherit;"><font style="vertical-align: inherit;">You save</font></font> </span><span><font style="vertical-align: inherit;"><font style="vertical-align: inherit;">€ 0.76</font></font></span></div><div class="savings-info"><span class="savings-percentage"><font style="vertical-align: inherit;"><font style="vertical-align: inherit;">- </font></font><font style="vertical-align: inherit;"><font style="vertical-align: inherit;">22%</font></font></span><p class="product-item-old-price"><span class="product-item-old-price line-through"><font style="vertical-align: inherit;"><font style="vertical-align: inherit;">3.45 € / pc</font></font></span></p></div></div><div class="buy-box-container"><div class="buy-box"><button class="buy-button"><span class="buy-button-label"><font style="vertical-align: inherit;"><font style="vertical-align: inherit;">Buy</font></font></span><svg class="buy-button-checkmark" x="0px" y="0px" width="32px" height="32px" viewBox="0 0 32 32"><path class="buy-button-checkmark-path" stroke-dasharray="19.79 19.79" stroke-dashoffset="19.79" fill="none" stroke="#FFFFFF" stroke-width="2" stroke-linecap="square" stroke-miterlimit="10" d="M9,17l3.9,3.9c0.1,0.1,0.2,0.1,0.3,0L23,11"></path></svg></button></div></div></div></li><li class="product-item product-grid-item product-item--grid2 product-item--FI"><div><a class="product-item-link" href="https://www.matsmart.fi/"><div class="product-grid-item-container"><div class="product-grid-item-image-col"><img src="./tea_files/knorr_singapore_laksa.jpg" srcset="https://cdn2.matsmart.se/sites/se/files/styles/product_teaser/public/products/knorr_singapore_laksa.jpg?itok=UnK75rsT, https://cdn2.matsmart.se/sites/se/files/styles/product_teaser_2x/public/products/knorr_singapore_laksa.jpg?itok=xhfOHbS3 2x" alt="product" title="Best before: 04/30/2021" loading="lazy"></div><div class="product-item-price"><div property="offers" typeof="Offer" class="product-item-multi-price-wrapper"><meta property="availability" href="http://schema.org/InStock"><meta property="url" content="https://matsmart.fiundefined"><span class="product-item-multi-price-label"><font style="vertical-align: inherit;"><font style="vertical-align: inherit;">2 pieces</font></font></span><div class="product-item-price-numbers product-item-price-numbers--multi-price product-item-price-numbers--FI"><span property="price" content="3" class="product-price-title"><font style="vertical-align: inherit;"><font style="vertical-align: inherit;">3</font></font></span><meta property="priceCurrency" content="EUR"><span class="product-price-title medium"><font style="vertical-align: inherit;"><font style="vertical-align: inherit;">€</font></font></span></div><span content="1.69" class="product-item-multi-price-single-price"><font style="vertical-align: inherit;"><font style="vertical-align: inherit;">1.69 € </font></font><font style="vertical-align: inherit;"><font style="vertical-align: inherit;">/ pc</font></font></span></div></div></div><div class="product-grid-item-container product-grid-item-label-header"><span class="label"><font style="vertical-align: inherit;"><font style="vertical-align: inherit;">Cup noodle Singaporean Laksa</font></font></span><span class="brand-and-weight"><font style="vertical-align: inherit;"><font style="vertical-align: inherit;">Knorr </font></font> <font style="vertical-align: inherit;"><font style="vertical-align: inherit;">| </font></font> <font style="vertical-align: inherit;"><font style="vertical-align: inherit;">70g</font></font></span></div></a></div><div class="actions-container"><div class="favorite-button"><button class="create-favorite-button"><font style="vertical-align: inherit;"><font style="vertical-align: inherit;">save</font></font></button></div><div class="savings-container"><div class="saved-amount"><span><font style="vertical-align: inherit;"><font style="vertical-align: inherit;">You save</font></font> </span><span><font style="vertical-align: inherit;"><font style="vertical-align: inherit;">1.30 € </font></font><font style="vertical-align: inherit;"><font style="vertical-align: inherit;">/ 2 pcs</font></font></span></div><div class="savings-info"><span class="savings-percentage"><font style="vertical-align: inherit;"><font style="vertical-align: inherit;">- </font></font><font style="vertical-align: inherit;"><font style="vertical-align: inherit;">30%</font></font></span><p class="product-item-old-price"><span class="product-item-old-price line-through"><font style="vertical-align: inherit;"><font style="vertical-align: inherit;">2.15 € / pc</font></font></span></p></div></div><div class="buy-box-container"><div class="buy-box"><button class="buy-button"><span class="buy-button-label"><font style="vertical-align: inherit;"><font style="vertical-align: inherit;">Buy</font></font></span><svg class="buy-button-checkmark" x="0px" y="0px" width="32px" height="32px" viewBox="0 0 32 32"><path class="buy-button-checkmark-path" stroke-dasharray="19.79 19.79" stroke-dashoffset="19.79" fill="none" stroke="#FFFFFF" stroke-width="2" stroke-linecap="square" stroke-miterlimit="10" d="M9,17l3.9,3.9c0.1,0.1,0.2,0.1,0.3,0L23,11"></path></svg></button></div></div></div></li><li class="product-item product-grid-item product-item--grid2 product-item--FI"><div><a class="product-item-link" href="https://www.matsmart.fi/"><div class="product-grid-item-container"><div class="product-grid-item-image-col"><img src="./tea_files/marcospagetti.jpg" srcset="https://cdn1.matsmart.se/sites/se/files/styles/product_teaser/public/products/marcospagetti.jpg?itok=1ha6JCuo, https://cdn1.matsmart.se/sites/se/files/styles/product_teaser_2x/public/products/marcospagetti.jpg?itok=YkyPAgmO 2x" alt="product" title="Best before: 16.04.2023" loading="lazy"></div><div class="product-item-price"><div property="offers" typeof="Offer" class="product-item-multi-price-wrapper"><meta property="availability" href="http://schema.org/InStock"><meta property="url" content="https://matsmart.fiundefined"><span class="product-item-multi-price-label"><font style="vertical-align: inherit;"><font style="vertical-align: inherit;">4 pieces</font></font></span><div class="product-item-price-numbers product-item-price-numbers--multi-price product-item-price-numbers--FI"><span property="price" content="3" class="product-price-title"><font style="vertical-align: inherit;"><font style="vertical-align: inherit;">3</font></font></span><meta property="priceCurrency" content="EUR"><span class="product-price-title medium"><font style="vertical-align: inherit;"><font style="vertical-align: inherit;">€</font></font></span></div><span content="0.9" class="product-item-multi-price-single-price"><font style="vertical-align: inherit;"><font style="vertical-align: inherit;">0.90 € </font></font><font style="vertical-align: inherit;"><font style="vertical-align: inherit;">/ pc</font></font></span></div></div></div><div class="product-grid-item-container product-grid-item-label-header"><span class="label"><font style="vertical-align: inherit;"><font style="vertical-align: inherit;">Spaghetti</font></font></span><span class="brand-and-weight"><font style="vertical-align: inherit;"><font style="vertical-align: inherit;">Marco Chief </font></font> <font style="vertical-align: inherit;"><font style="vertical-align: inherit;">| </font></font> <font style="vertical-align: inherit;"><font style="vertical-align: inherit;">400g</font></font></span></div></a></div><div class="actions-container"><div class="favorite-button"><button class="create-favorite-button"><font style="vertical-align: inherit;"><font style="vertical-align: inherit;">save</font></font></button></div><div class="savings-container"><div class="saved-amount"><span><font style="vertical-align: inherit;"><font style="vertical-align: inherit;">You save</font></font> </span><span>0,80&nbsp;€/4 kpl</span></div><div class="savings-info"><span class="savings-percentage">-21%</span><p class="product-item-old-price"><span class="product-item-old-price line-through">0,95&nbsp;€/kpl</span></p></div></div><div class="buy-box-container"><div class="buy-box"><button class="buy-button"><span class="buy-button-label">Osta</span><svg class="buy-button-checkmark" x="0px" y="0px" width="32px" height="32px" viewBox="0 0 32 32"><path class="buy-button-checkmark-path" stroke-dasharray="19.79 19.79" stroke-dashoffset="19.79" fill="none" stroke="#FFFFFF" stroke-width="2" stroke-linecap="square" stroke-miterlimit="10" d="M9,17l3.9,3.9c0.1,0.1,0.2,0.1,0.3,0L23,11"></path></svg></button></div></div></div></li><li class="product-item product-grid-item product-item--grid2 product-item--FI"><div><a class="product-item-link" href="https://www.matsmart.fi/"><div class="product-grid-item-container"><div class="product-grid-item-image-col"><img src="./tea_files/tuorepuurotropiikki.jpg" srcset="https://cdn3.matsmart.se/sites/se/files/styles/product_teaser/public/products/tuorepuurotropiikki.jpg?itok=FmljqFEa, https://cdn3.matsmart.se/sites/se/files/styles/product_teaser_2x/public/products/tuorepuurotropiikki.jpg?itok=66GsmaaF 2x" alt="product" title="Best before: 03.02.2021" loading="lazy"></div><div class="product-item-price"><div property="offers" typeof="Offer" class="product-item-multi-price-wrapper"><meta property="availability" href="http://schema.org/InStock"><meta property="url" content="https://matsmart.fiundefined"><span class="product-item-multi-price-label">2kpl</span><div class="product-item-price-numbers product-item-price-numbers--multi-price product-item-price-numbers--FI"><span property="price" content="3" class="product-price-title">3</span><meta property="priceCurrency" content="EUR"><span class="product-price-title medium">€</span></div><span content="1.69" class="product-item-multi-price-single-price">1,69&nbsp;€/kpl</span></div></div></div><div class="product-grid-item-container product-grid-item-label-header"><span class="label">Tuorepuuro Tropiikki</span><span class="brand-and-weight">Myllyn Paras | 200g</span></div></a></div><div class="actions-container"><div class="favorite-button"><button class="create-favorite-button">Tallenna</button></div><div class="savings-container"><div class="saved-amount"><span>Säästät </span><span>0,96&nbsp;€/2 kpl</span></div><div class="savings-info"><span class="savings-percentage">-24%</span><p class="product-item-old-price"><span class="product-item-old-price line-through">1,98&nbsp;€/kpl</span></p></div></div><div class="buy-box-container"><div class="buy-box"><button class="buy-button"><span class="buy-button-label">Osta</span><svg class="buy-button-checkmark" x="0px" y="0px" width="32px" height="32px" viewBox="0 0 32 32"><path class="buy-button-checkmark-path" stroke-dasharray="19.79 19.79" stroke-dashoffset="19.79" fill="none" stroke="#FFFFFF" stroke-width="2" stroke-linecap="square" stroke-miterlimit="10" d="M9,17l3.9,3.9c0.1,0.1,0.2,0.1,0.3,0L23,11"></path></svg></button></div></div></div></li><li class="product-item product-grid-item product-item--grid2 product-item--FI"><div><a class="product-item-link" href="https://www.matsmart.fi/"><div class="product-grid-item-container"><div class="product-grid-item-image-col"><img src="./tea_files/choco_mix_1.jpg" srcset="https://cdn2.matsmart.se/sites/se/files/styles/product_teaser/public/products/choco_mix_1.jpg?itok=w3l4XgRX, https://cdn2.matsmart.se/sites/se/files/styles/product_teaser_2x/public/products/choco_mix_1.jpg?itok=0v4rhLcd 2x" alt="product" title="Best before: 30.07.2020" loading="lazy"></div><div class="product-item-price"><div property="offers" typeof="Offer" class="product-item-multi-price-wrapper"><meta property="availability" href="http://schema.org/InStock"><meta property="url" content="https://matsmart.fiundefined"><span class="product-item-multi-price-label">4kpl</span><div class="product-item-price-numbers product-item-price-numbers--multi-price product-item-price-numbers--FI"><span property="price" content="2" class="product-price-title">2</span><meta property="priceCurrency" content="EUR"><span class="product-price-title medium">€</span></div><span content="0.7" class="product-item-multi-price-single-price">0,70&nbsp;€/kpl</span></div></div></div><div class="product-grid-item-container product-grid-item-label-header"><span class="label">Suklaaströsseli</span><span class="brand-and-weight">Dr.Oetker | 50 g</span></div></a></div><div class="actions-container"><div class="favorite-button"><button class="create-favorite-button">Tallenna</button></div><div class="savings-container"><div class="saved-amount"><span>Säästät </span><span>1,96&nbsp;€/4 kpl</span></div><div class="savings-info"><span class="savings-percentage">-49%</span><p class="product-item-old-price"><span class="product-item-old-price line-through">0,99&nbsp;€/kpl</span></p></div></div><div class="buy-box-container"><div class="buy-box"><button class="buy-button"><span class="buy-button-label">Osta</span><svg class="buy-button-checkmark" x="0px" y="0px" width="32px" height="32px" viewBox="0 0 32 32"><path class="buy-button-checkmark-path" stroke-dasharray="19.79 19.79" stroke-dashoffset="19.79" fill="none" stroke="#FFFFFF" stroke-width="2" stroke-linecap="square" stroke-miterlimit="10" d="M9,17l3.9,3.9c0.1,0.1,0.2,0.1,0.3,0L23,11"></path></svg></button></div></div></div></li><li class="product-item product-grid-item product-item--grid2 product-item--FI"><div><a class="product-item-link" href="https://www.matsmart.fi/suodatinkahvi-colombia-brazil"><div class="product-grid-item-container"><div class="product-grid-item-image-col"><img src="./tea_files/lofbergs_colombia.jpg" srcset="https://cdn1.matsmart.se/sites/se/files/styles/product_teaser/public/products/lofbergs_colombia.jpg?itok=l6HBEyun, https://cdn1.matsmart.se/sites/se/files/styles/product_teaser_2x/public/products/lofbergs_colombia.jpg?itok=_dYEio3a 2x" alt="product" title="Best before: 07.05.2021" loading="lazy"></div><div class="product-item-price"><div property="offers" typeof="Offer" class="product-item-price-numbers product-item-price-numbers--FI"><meta property="availability" href="http://schema.org/InStock"><meta property="url" content="https://matsmart.fiundefined"><meta property="priceCurrency" content="EUR"><span property="price" content="3.99" class="product-price-title">3,99</span><span class="product-price-title medium">€</span></div></div></div><div class="product-grid-item-container product-grid-item-label-header"><span class="label">Suodatinkahvi Colombia Brazil</span><span class="brand-and-weight">Löfbergs | 450g</span></div></a></div><div class="actions-container"><div class="favorite-button"><button class="create-favorite-button">Tallenna</button></div><div class="savings-container"><div class="saved-amount"><span>Säästät </span><span>1,00&nbsp;€</span></div><div class="savings-info"><span class="savings-percentage">-20%</span><p class="product-item-old-price"><span class="product-item-old-price line-through">4,99&nbsp;€/kpl</span></p></div></div><div class="buy-box-container"><div class="buy-box"><button class="buy-button"><span class="buy-button-label">Osta</span><svg class="buy-button-checkmark" x="0px" y="0px" width="32px" height="32px" viewBox="0 0 32 32"><path class="buy-button-checkmark-path" stroke-dasharray="19.79 19.79" stroke-dashoffset="19.79" fill="none" stroke="#FFFFFF" stroke-width="2" stroke-linecap="square" stroke-miterlimit="10" d="M9,17l3.9,3.9c0.1,0.1,0.2,0.1,0.3,0L23,11"></path></svg></button></div></div></div></li><li class="product-item product-grid-item product-item--grid2 product-item--FI"><div><a class="product-item-link" href="https://www.matsmart.fi/"><div class="product-grid-item-container"><div class="product-grid-item-image-col"><img src="./tea_files/bonor_1.jpg" srcset="https://cdn3.matsmart.se/sites/se/files/styles/product_teaser/public/products/bonor_1.jpg?itok=eNR1G_S4, https://cdn3.matsmart.se/sites/se/files/styles/product_teaser_2x/public/products/bonor_1.jpg?itok=ZsH0QPmP 2x" alt="product" title="Best before: 11/30/2020" loading="lazy"><div class="eco-badge-icon">LUOMU</div></div><div class="product-item-price"><div property="offers" typeof="Offer" class="product-item-multi-price-wrapper"><meta property="availability" href="http://schema.org/InStock"><meta property="url" content="https://matsmart.fiundefined"><span class="product-item-multi-price-label">4kpl</span><div class="product-item-price-numbers product-item-price-numbers--multi-price product-item-price-numbers--FI"><span property="price" content="4" class="product-price-title">4</span><meta property="priceCurrency" content="EUR"><span class="product-price-title medium">€</span></div><span content="1.19" class="product-item-multi-price-single-price">1,19&nbsp;€/kpl</span></div></div></div><div class="product-grid-item-container product-grid-item-label-header"><span class="label">Luomu Kidneypavut</span><span class="brand-and-weight">Bonduelle | 150g</span></div></a></div><div class="actions-container"><div class="favorite-button"><button class="create-favorite-button">Tallenna</button></div><div class="savings-container"><div class="saved-amount"><span>Säästät </span><span>3,96&nbsp;€/4 kpl</span></div><div class="savings-info"><span class="savings-percentage">-50%</span><p class="product-item-old-price"><span class="product-item-old-price line-through">1,99&nbsp;€/kpl</span></p></div></div><div class="buy-box-container"><div class="buy-box"><button class="buy-button"><span class="buy-button-label">Osta</span><svg class="buy-button-checkmark" x="0px" y="0px" width="32px" height="32px" viewBox="0 0 32 32"><path class="buy-button-checkmark-path" stroke-dasharray="19.79 19.79" stroke-dashoffset="19.79" fill="none" stroke="#FFFFFF" stroke-width="2" stroke-linecap="square" stroke-miterlimit="10" d="M9,17l3.9,3.9c0.1,0.1,0.2,0.1,0.3,0L23,11"></path></svg></button></div></div></div></li><li class="product-item product-grid-item product-item--grid2 product-item--FI"><div><a class="product-item-link" href="https://www.matsmart.fi/"><div class="product-grid-item-container"><div class="product-grid-item-image-col"><img src="./tea_files/oatgoods_1_2.jpg" srcset="https://cdn3.matsmart.se/sites/se/files/styles/product_teaser/public/products/oatgoods_1_2.jpg?itok=IwlDpOMA, https://cdn3.matsmart.se/sites/se/files/styles/product_teaser_2x/public/products/oatgoods_1_2.jpg?itok=fmGTWglj 2x" alt="product" title="Best before: 04/19/2021" loading="lazy"></div><div class="product-item-price"><div property="offers" typeof="Offer" class="product-item-price-numbers product-item-price-numbers--FI"><meta property="availability" href="http://schema.org/InStock"><meta property="url" content="https://matsmart.fiundefined"><meta property="priceCurrency" content="EUR"><span property="price" content="2.39" class="product-price-title">2,39</span><span class="product-price-title medium">€</span></div></div></div><div class="product-grid-item-container product-grid-item-label-header"><span class="label">Kauramurot Oatgoods</span><span class="brand-and-weight">Myllyn Paras | 275g</span></div></a></div><div class="actions-container"><div class="favorite-button"><button class="create-favorite-button">Tallenna</button></div><div class="savings-container"><div class="saved-amount"><span>Säästät </span><span>0,70&nbsp;€</span></div><div class="savings-info"><span class="savings-percentage">-23%</span><p class="product-item-old-price"><span class="product-item-old-price line-through">3,09&nbsp;€/kpl</span></p></div></div><div class="buy-box-container"><div class="buy-box"><button class="buy-button"><span class="buy-button-label">Osta</span><svg class="buy-button-checkmark" x="0px" y="0px" width="32px" height="32px" viewBox="0 0 32 32"><path class="buy-button-checkmark-path" stroke-dasharray="19.79 19.79" stroke-dashoffset="19.79" fill="none" stroke="#FFFFFF" stroke-width="2" stroke-linecap="square" stroke-miterlimit="10" d="M9,17l3.9,3.9c0.1,0.1,0.2,0.1,0.3,0L23,11"></path></svg></button></div></div></div></li><li class="product-item product-grid-item product-item--grid2 product-item--FI"><div><a class="product-item-link" href="https://www.matsmart.fi/"><div class="product-grid-item-container"><div class="product-grid-item-image-col"><img src="./tea_files/myllyn_paras_glutenfri_spagetti.jpg" srcset="https://cdn1.matsmart.se/sites/se/files/styles/product_teaser/public/products/myllyn_paras_glutenfri_spagetti.jpg?itok=pngl1ZBI, https://cdn1.matsmart.se/sites/se/files/styles/product_teaser_2x/public/products/myllyn_paras_glutenfri_spagetti.jpg?itok=WjCJ35SS 2x" alt="product" title="Best before: 03.12.2021" loading="lazy"></div><div class="product-item-price"><div property="offers" typeof="Offer" class="product-item-multi-price-wrapper"><meta property="availability" href="http://schema.org/InStock"><meta property="url" content="https://matsmart.fiundefined"><span class="product-item-multi-price-label">2kpl</span><div class="product-item-price-numbers product-item-price-numbers--multi-price product-item-price-numbers--FI"><span property="price" content="3" class="product-price-title">3</span><meta property="priceCurrency" content="EUR"><span class="product-price-title medium">€</span></div><span content="1.99" class="product-item-multi-price-single-price">1,99&nbsp;€/kpl</span></div></div></div><div class="product-grid-item-container product-grid-item-label-header"><span class="label">Gluteeniton Spagetti</span><span class="brand-and-weight">Myllyn Paras | 500g</span></div></a></div><div class="actions-container"><div class="favorite-button"><button class="create-favorite-button">Tallenna</button></div><div class="savings-container"><div class="saved-amount"><span>Säästät </span><span>2,18&nbsp;€/2 kpl</span></div><div class="savings-info"><span class="savings-percentage">-42%</span><p class="product-item-old-price"><span class="product-item-old-price line-through">2,59&nbsp;€/kpl</span></p></div></div><div class="buy-box-container"><div class="buy-box"><button class="buy-button"><span class="buy-button-label">Osta</span><svg class="buy-button-checkmark" x="0px" y="0px" width="32px" height="32px" viewBox="0 0 32 32"><path class="buy-button-checkmark-path" stroke-dasharray="19.79 19.79" stroke-dashoffset="19.79" fill="none" stroke="#FFFFFF" stroke-width="2" stroke-linecap="square" stroke-miterlimit="10" d="M9,17l3.9,3.9c0.1,0.1,0.2,0.1,0.3,0L23,11"></path></svg></button></div></div></div></li><li class="product-item product-grid-item product-item--grid2 product-item--FI"><div><a class="product-item-link" href="https://www.matsmart.fi/"><div class="product-grid-item-container"><div class="product-grid-item-image-col"><img src="./tea_files/knorr_fresh_vegetable.jpg" srcset="https://cdn1.matsmart.se/sites/se/files/styles/product_teaser/public/products/knorr_fresh_vegetable.jpg?itok=xEo3qAjG, https://cdn1.matsmart.se/sites/se/files/styles/product_teaser_2x/public/products/knorr_fresh_vegetable.jpg?itok=TFjCPUW5 2x" alt="product" title="Best before: 31.03.2021" loading="lazy"></div><div class="product-item-price"><div property="offers" typeof="Offer" class="product-item-price-numbers product-item-price-numbers--FI"><meta property="availability" href="http://schema.org/InStock"><meta property="url" content="https://matsmart.fiundefined"><meta property="priceCurrency" content="EUR"><span property="price" content="1.99" class="product-price-title">1,99</span><span class="product-price-title medium">€</span></div></div></div><div class="product-grid-item-container product-grid-item-label-header"><span class="label">Kasvisfondi</span><span class="brand-and-weight">Knorr | 150ml</span></div></a></div><div class="actions-container"><div class="favorite-button"><button class="create-favorite-button">Tallenna</button></div><div class="savings-container"><div class="saved-amount"><span>Säästät </span><span>1,26&nbsp;€</span></div><div class="savings-info"><span class="savings-percentage">-39%</span><p class="product-item-old-price"><span class="product-item-old-price line-through">3,25&nbsp;€/kpl</span></p></div></div><div class="buy-box-container"><div class="buy-box"><button class="buy-button"><span class="buy-button-label">Osta</span><svg class="buy-button-checkmark" x="0px" y="0px" width="32px" height="32px" viewBox="0 0 32 32"><path class="buy-button-checkmark-path" stroke-dasharray="19.79 19.79" stroke-dashoffset="19.79" fill="none" stroke="#FFFFFF" stroke-width="2" stroke-linecap="square" stroke-miterlimit="10" d="M9,17l3.9,3.9c0.1,0.1,0.2,0.1,0.3,0L23,11"></path></svg></button></div></div></div></li><li class="product-item product-grid-item product-item--grid2 product-item--FI"><div><a class="product-item-link" href="https://www.matsmart.fi/"><div class="product-grid-item-container"><div class="product-grid-item-image-col"><img src="./tea_files/heinz_aioli_1.jpg" srcset="https://cdn4.matsmart.se/sites/se/files/styles/product_teaser/public/products/heinz_aioli_1.jpg?itok=Anfb7DNr, https://cdn4.matsmart.se/sites/se/files/styles/product_teaser_2x/public/products/heinz_aioli_1.jpg?itok=Rh82cCoE 2x" alt="product" title="Best before: 30.06.2021" loading="lazy"></div><div class="product-item-price"><div property="offers" typeof="Offer" class="product-item-price-numbers product-item-price-numbers--FI"><meta property="availability" href="http://schema.org/InStock"><meta property="url" content="https://matsmart.fiundefined"><meta property="priceCurrency" content="EUR"><span property="price" content="1.99" class="product-price-title">1,99</span><span class="product-price-title medium">€</span></div></div></div><div class="product-grid-item-container product-grid-item-label-header"><span class="label">Aioli Kastike</span><span class="brand-and-weight">Heinz | 220ml</span></div></a></div><div class="actions-container"><div class="favorite-button"><button class="create-favorite-button">Tallenna</button></div><div class="savings-container"><div class="saved-amount"><span>Säästät </span><span>1,50&nbsp;€</span></div><div class="savings-info"><span class="savings-percentage">-43%</span><p class="product-item-old-price"><span class="product-item-old-price line-through">3,49&nbsp;€/kpl</span></p></div></div><div class="buy-box-container"><div class="buy-box"><button class="buy-button"><span class="buy-button-label">Osta</span><svg class="buy-button-checkmark" x="0px" y="0px" width="32px" height="32px" viewBox="0 0 32 32"><path class="buy-button-checkmark-path" stroke-dasharray="19.79 19.79" stroke-dashoffset="19.79" fill="none" stroke="#FFFFFF" stroke-width="2" stroke-linecap="square" stroke-miterlimit="10" d="M9,17l3.9,3.9c0.1,0.1,0.2,0.1,0.3,0L23,11"></path></svg></button></div></div></div></li><li class="product-item product-grid-item product-item--grid2 product-item--FI"><div><a class="product-item-link" href="https://www.matsmart.fi/"><div class="product-grid-item-container"><div class="product-grid-item-image-col"><img src="./tea_files/nudlar_spicy_front.jpg" srcset="https://cdn2.matsmart.se/sites/se/files/styles/product_teaser/public/products/nudlar_spicy_front.jpg?itok=G0J_oLdm, https://cdn2.matsmart.se/sites/se/files/styles/product_teaser_2x/public/products/nudlar_spicy_front.jpg?itok=ZmEm2lVl 2x" alt="product" title="Best before: 31.01.2021" loading="lazy"></div><div class="product-item-price"><div property="offers" typeof="Offer" class="product-item-multi-price-wrapper"><meta property="availability" href="http://schema.org/InStock"><meta property="url" content="https://matsmart.fiundefined"><span class="product-item-multi-price-label">2kpl</span><div class="product-item-price-numbers product-item-price-numbers--multi-price product-item-price-numbers--FI"><span property="price" content="3" class="product-price-title">3</span><meta property="priceCurrency" content="EUR"><span class="product-price-title medium">€</span></div><span content="1.69" class="product-item-multi-price-single-price">1,69&nbsp;€/kpl</span></div></div></div><div class="product-grid-item-container product-grid-item-label-header"><span class="label">Nuudelit Spicy</span><span class="brand-and-weight">Nissin | 66g</span></div></a></div><div class="actions-container"><div class="favorite-button"><button class="create-favorite-button">Tallenna</button></div><div class="savings-container"><div class="saved-amount"><span>Säästät </span><span>1,20&nbsp;€/2 kpl</span></div><div class="savings-info"><span class="savings-percentage">-29%</span><p class="product-item-old-price"><span class="product-item-old-price line-through">2,10&nbsp;€/kpl</span></p></div></div><div class="buy-box-container"><div class="buy-box"><button class="buy-button"><span class="buy-button-label">Osta</span><svg class="buy-button-checkmark" x="0px" y="0px" width="32px" height="32px" viewBox="0 0 32 32"><path class="buy-button-checkmark-path" stroke-dasharray="19.79 19.79" stroke-dashoffset="19.79" fill="none" stroke="#FFFFFF" stroke-width="2" stroke-linecap="square" stroke-miterlimit="10" d="M9,17l3.9,3.9c0.1,0.1,0.2,0.1,0.3,0L23,11"></path></svg></button></div></div></div></li><li class="product-item product-grid-item product-item--grid2 product-item--FI"><div><a class="product-item-link" href="https://www.matsmart.fi/nordqvist-teejoulukalenteri"><div class="product-grid-item-container"><div class="product-grid-item-image-col"><img src="./tea_files/teejoulukalenteri.jpg" srcset="https://cdn2.matsmart.se/sites/se/files/styles/product_teaser/public/products/teejoulukalenteri.jpg?itok=YslUCaP6, https://cdn2.matsmart.se/sites/se/files/styles/product_teaser_2x/public/products/teejoulukalenteri.jpg?itok=1opyEsrn 2x" alt="product" title="Best before: 31.08.2022" loading="lazy"></div><div class="product-item-price"><div property="offers" typeof="Offer" class="product-item-price-numbers product-item-price-numbers--FI"><meta property="availability" href="http://schema.org/InStock"><meta property="url" content="https://matsmart.fiundefined"><meta property="priceCurrency" content="EUR"><span property="price" content="5.99" class="product-price-title">5,99</span><span class="product-price-title medium">€</span></div></div></div><div class="product-grid-item-container product-grid-item-label-header"><span class="label">Nordqvist Teejoulukalenteri</span><span class="brand-and-weight">Nordqvist | 39g</span></div></a></div><div class="actions-container"><div class="favorite-button"><button class="create-favorite-button">Tallenna</button></div><div class="savings-container"><div class="saved-amount"><span>Säästät </span><span>1,91&nbsp;€</span></div><div class="savings-info"><span class="savings-percentage">-24%</span><p class="product-item-old-price"><span class="product-item-old-price line-through">7,90&nbsp;€/kpl</span></p></div></div><div class="buy-box-container"><div class="buy-box"><button class="buy-button"><span class="buy-button-label">Osta</span><svg class="buy-button-checkmark" x="0px" y="0px" width="32px" height="32px" viewBox="0 0 32 32"><path class="buy-button-checkmark-path" stroke-dasharray="19.79 19.79" stroke-dashoffset="19.79" fill="none" stroke="#FFFFFF" stroke-width="2" stroke-linecap="square" stroke-miterlimit="10" d="M9,17l3.9,3.9c0.1,0.1,0.2,0.1,0.3,0L23,11"></path></svg></button></div></div></div></li><li class="product-item product-grid-item product-item--grid2 product-item--FI"><div><a class="product-item-link" href="https://www.matsmart.fi/maitokapselit-crema-latte-16kpl"><div class="product-grid-item-container"><div class="product-grid-item-image-col"><img src="./tea_files/paulig_cupsolo_crema_latte_front.jpg" srcset="https://cdn1.matsmart.se/sites/se/files/styles/product_teaser/public/products/paulig_cupsolo_crema_latte_front.jpg?itok=l3Xlbta4, https://cdn1.matsmart.se/sites/se/files/styles/product_teaser_2x/public/products/paulig_cupsolo_crema_latte_front.jpg?itok=APHoB8IX 2x" alt="product" title="Best before: 11/13/2020" loading="lazy"></div><div class="product-item-price"><div property="offers" typeof="Offer" class="product-item-multi-price-wrapper"><meta property="availability" href="http://schema.org/InStock"><meta property="url" content="https://matsmart.fiundefined"><span class="product-item-multi-price-label">2kpl</span><div class="product-item-price-numbers product-item-price-numbers--multi-price product-item-price-numbers--FI"><span property="price" content="3" class="product-price-title">3</span><meta property="priceCurrency" content="EUR"><span class="product-price-title medium">€</span></div><span content="1.69" class="product-item-multi-price-single-price">1,69&nbsp;€/kpl</span></div></div></div><div class="product-grid-item-container product-grid-item-label-header"><span class="label">Maitokapselit Crema Latte 16kpl</span><span class="brand-and-weight">Paulig | 16 x 9g</span></div></a></div><div class="actions-container"><div class="favorite-button"><button class="create-favorite-button">Tallenna</button></div><div class="savings-container"><div class="saved-amount"><span>Säästät </span><span>6,98&nbsp;€/2 kpl</span></div><div class="savings-info"><span class="savings-percentage">-70%</span><p class="product-item-old-price"><span class="product-item-old-price line-through">4,99&nbsp;€/kpl</span></p></div></div><div class="buy-box-container"><div class="buy-box"><button class="buy-button"><span class="buy-button-label">Osta</span><svg class="buy-button-checkmark" x="0px" y="0px" width="32px" height="32px" viewBox="0 0 32 32"><path class="buy-button-checkmark-path" stroke-dasharray="19.79 19.79" stroke-dashoffset="19.79" fill="none" stroke="#FFFFFF" stroke-width="2" stroke-linecap="square" stroke-miterlimit="10" d="M9,17l3.9,3.9c0.1,0.1,0.2,0.1,0.3,0L23,11"></path></svg></button></div></div></div></li><li class="product-item product-grid-item product-item--grid2 product-item--FI"><div><a class="product-item-link" href="https://www.matsmart.fi/"><div class="product-grid-item-container"><div class="product-grid-item-image-col"><img src="./tea_files/kry_oregano_18g_.jpg" srcset="https://cdn3.matsmart.se/sites/se/files/styles/product_teaser/public/products/kry_oregano_18g_.jpg?itok=KF6VIKo-, https://cdn3.matsmart.se/sites/se/files/styles/product_teaser_2x/public/products/kry_oregano_18g_.jpg?itok=QooTLXMN 2x" alt="product" title="Best before: 11.06.2023" loading="lazy"></div><div class="product-item-price"><div property="offers" typeof="Offer" class="product-item-price-numbers product-item-price-numbers--FI"><meta property="availability" href="http://schema.org/InStock"><meta property="url" content="https://matsmart.fiundefined"><meta property="priceCurrency" content="EUR"><span property="price" content="1.49" class="product-price-title">1,49</span><span class="product-price-title medium">€</span></div></div></div><div class="product-grid-item-container product-grid-item-label-header"><span class="label">Oregano</span><span class="brand-and-weight">Kryddhuset | 18g</span></div></a></div><div class="actions-container"><div class="favorite-button"><button class="create-favorite-button">Tallenna</button></div><div class="savings-container"><div class="saved-amount"><span>Säästät </span><span>1,10&nbsp;€</span></div><div class="savings-info"><span class="savings-percentage">-42%</span><p class="product-item-old-price"><span class="product-item-old-price line-through">2,59&nbsp;€/kpl</span></p></div></div><div class="buy-box-container"><div class="buy-box"><button class="buy-button"><span class="buy-button-label">Osta</span><svg class="buy-button-checkmark" x="0px" y="0px" width="32px" height="32px" viewBox="0 0 32 32"><path class="buy-button-checkmark-path" stroke-dasharray="19.79 19.79" stroke-dashoffset="19.79" fill="none" stroke="#FFFFFF" stroke-width="2" stroke-linecap="square" stroke-miterlimit="10" d="M9,17l3.9,3.9c0.1,0.1,0.2,0.1,0.3,0L23,11"></path></svg></button></div></div></div></li><li class="product-item product-grid-item product-item--grid2 product-item--FI"><div><a class="product-item-link" href="https://www.matsmart.fi/"><div class="product-grid-item-container"><div class="product-grid-item-image-col"><img src="./tea_files/kel_mmmh._tresor_dark_choco_375g_front.jpg" srcset="https://cdn4.matsmart.se/sites/se/files/styles/product_teaser/public/products/kel_mmmh._tresor_dark_choco_375g_front.jpg?itok=ojdzYx6d, https://cdn4.matsmart.se/sites/se/files/styles/product_teaser_2x/public/products/kel_mmmh._tresor_dark_choco_375g_front.jpg?itok=gTdvxSAc 2x" alt="product" title="Best before: 09.12.2020" loading="lazy"></div><div class="product-item-price"><div property="offers" typeof="Offer" class="product-item-price-numbers product-item-price-numbers--FI"><meta property="availability" href="http://schema.org/InStock"><meta property="url" content="https://matsmart.fiundefined"><meta property="priceCurrency" content="EUR"><span property="price" content="2.49" class="product-price-title">2,49</span><span class="product-price-title medium">€</span></div></div></div><div class="product-grid-item-container product-grid-item-label-header"><span class="label">Riisityynyt Tumma Suklaa</span><span class="brand-and-weight">Kellogg's | 375g</span></div></a></div><div class="actions-container"><div class="favorite-button"><button class="create-favorite-button">Tallenna</button></div><div class="savings-container"><div class="saved-amount"><span>Säästät </span><span>1,20&nbsp;€</span></div><div class="savings-info"><span class="savings-percentage">-33%</span><p class="product-item-old-price"><span class="product-item-old-price line-through">3,69&nbsp;€/kpl</span></p></div></div><div class="buy-box-container"><div class="buy-box"><button class="buy-button"><span class="buy-button-label">Osta</span><svg class="buy-button-checkmark" x="0px" y="0px" width="32px" height="32px" viewBox="0 0 32 32"><path class="buy-button-checkmark-path" stroke-dasharray="19.79 19.79" stroke-dashoffset="19.79" fill="none" stroke="#FFFFFF" stroke-width="2" stroke-linecap="square" stroke-miterlimit="10" d="M9,17l3.9,3.9c0.1,0.1,0.2,0.1,0.3,0L23,11"></path></svg></button></div></div></div></li><li class="product-item product-grid-item product-item--grid2 product-item--FI"><div><a class="product-item-link" href="https://www.matsmart.fi/"><div class="product-grid-item-container"><div class="product-grid-item-image-col"><img src="./tea_files/mchilhenny_buffalo.jpg" srcset="https://cdn4.matsmart.se/sites/se/files/styles/product_teaser/public/products/mchilhenny_buffalo.jpg?itok=1rc66TO5, https://cdn4.matsmart.se/sites/se/files/styles/product_teaser_2x/public/products/mchilhenny_buffalo.jpg?itok=ThTwjwCK 2x" alt="product" title="Best before: 11/30/2020" loading="lazy"></div><div class="product-item-price"><div property="offers" typeof="Offer" class="product-item-price-numbers product-item-price-numbers--FI"><meta property="availability" href="http://schema.org/InStock"><meta property="url" content="https://matsmart.fiundefined"><meta property="priceCurrency" content="EUR"><span property="price" content="4.99" class="product-price-title">4,99</span><span class="product-price-title medium">€</span></div></div></div><div class="product-grid-item-container product-grid-item-label-header"><span class="label">Tabasco Buffalo Kastike</span><span class="brand-and-weight">Tabasco | 150ml</span></div></a></div><div class="actions-container"><div class="favorite-button"><button class="create-favorite-button">Tallenna</button></div><div class="savings-container"><div class="saved-amount"><span>Säästät </span><span>1,60&nbsp;€</span></div><div class="savings-info"><span class="savings-percentage">-24%</span><p class="product-item-old-price"><span class="product-item-old-price line-through">6,59&nbsp;€/kpl</span></p></div></div><div class="buy-box-container"><div class="buy-box"><button class="buy-button"><span class="buy-button-label">Osta</span><svg class="buy-button-checkmark" x="0px" y="0px" width="32px" height="32px" viewBox="0 0 32 32"><path class="buy-button-checkmark-path" stroke-dasharray="19.79 19.79" stroke-dashoffset="19.79" fill="none" stroke="#FFFFFF" stroke-width="2" stroke-linecap="square" stroke-miterlimit="10" d="M9,17l3.9,3.9c0.1,0.1,0.2,0.1,0.3,0L23,11"></path></svg></button></div></div></div></li><li class="product-item product-grid-item product-item--grid2 product-item--FI"><div><a class="product-item-link" href="https://www.matsmart.fi/"><div class="product-grid-item-container"><div class="product-grid-item-image-col"><img src="./tea_files/knorr_brunsas.jpg" srcset="https://cdn3.matsmart.se/sites/se/files/styles/product_teaser/public/products/knorr_brunsas.jpg?itok=WWTQpnAs, https://cdn3.matsmart.se/sites/se/files/styles/product_teaser_2x/public/products/knorr_brunsas.jpg?itok=Z542e7Sv 2x" alt="product" title="Best before: 30.05.2021" loading="lazy"></div><div class="product-item-price"><div property="offers" typeof="Offer" class="product-item-multi-price-wrapper"><meta property="availability" href="http://schema.org/InStock"><meta property="url" content="https://matsmart.fiundefined"><span class="product-item-multi-price-label">2kpl</span><div class="product-item-price-numbers product-item-price-numbers--multi-price product-item-price-numbers--FI"><span property="price" content="2" class="product-price-title">2</span><meta property="priceCurrency" content="EUR"><span class="product-price-title medium">€</span></div><span content="1.19" class="product-item-multi-price-single-price">1,19&nbsp;€/kpl</span></div></div></div><div class="product-grid-item-container product-grid-item-label-header"><span class="label">Ruskeakastike 3kpl</span><span class="brand-and-weight">Knorr | 3 x 23g</span></div></a></div><div class="actions-container"><div class="favorite-button"><button class="create-favorite-button">Tallenna</button></div><div class="savings-container"><div class="saved-amount"><span>Säästät </span><span>1,30&nbsp;€/2 kpl</span></div><div class="savings-info"><span class="savings-percentage">-39%</span><p class="product-item-old-price"><span class="product-item-old-price line-through">1,65&nbsp;€/kpl</span></p></div></div><div class="buy-box-container"><div class="buy-box"><button class="buy-button"><span class="buy-button-label">Osta</span><svg class="buy-button-checkmark" x="0px" y="0px" width="32px" height="32px" viewBox="0 0 32 32"><path class="buy-button-checkmark-path" stroke-dasharray="19.79 19.79" stroke-dashoffset="19.79" fill="none" stroke="#FFFFFF" stroke-width="2" stroke-linecap="square" stroke-miterlimit="10" d="M9,17l3.9,3.9c0.1,0.1,0.2,0.1,0.3,0L23,11"></path></svg></button></div></div></div></li><li class="product-item product-grid-item product-item--grid2 product-item--FI"><div><a class="product-item-link" href="https://www.matsmart.fi/"><div class="product-grid-item-container"><div class="product-grid-item-image-col"><img src="./tea_files/knorr_arrabbiata.jpg" srcset="https://cdn4.matsmart.se/sites/se/files/styles/product_teaser/public/products/knorr_arrabbiata.jpg?itok=Pf2pW6em, https://cdn4.matsmart.se/sites/se/files/styles/product_teaser_2x/public/products/knorr_arrabbiata.jpg?itok=60zkf-NT 2x" alt="product" title="Best before: 31.03.2021" loading="lazy"></div><div class="product-item-price"><div property="offers" typeof="Offer" class="product-item-multi-price-wrapper"><meta property="availability" href="http://schema.org/InStock"><meta property="url" content="https://matsmart.fiundefined"><span class="product-item-multi-price-label">3kpl</span><div class="product-item-price-numbers product-item-price-numbers--multi-price product-item-price-numbers--FI"><span property="price" content="3" class="product-price-title">3</span><meta property="priceCurrency" content="EUR"><span class="product-price-title medium">€</span></div><span content="1.19" class="product-item-multi-price-single-price">1,19&nbsp;€/kpl</span></div></div></div><div class="product-grid-item-container product-grid-item-label-header"><span class="label">Snack Pot Arrabbiata</span><span class="brand-and-weight">Knorr | 66g</span></div></a></div><div class="actions-container"><div class="favorite-button"><button class="create-favorite-button">Tallenna</button></div><div class="savings-container"><div class="saved-amount"><span>Säästät </span><span>1,47&nbsp;€/3 kpl</span></div><div class="savings-info"><span class="savings-percentage">-33%</span><p class="product-item-old-price"><span class="product-item-old-price line-through">1,49&nbsp;€/kpl</span></p></div></div><div class="buy-box-container"><div class="buy-box"><button class="buy-button"><span class="buy-button-label">Osta</span><svg class="buy-button-checkmark" x="0px" y="0px" width="32px" height="32px" viewBox="0 0 32 32"><path class="buy-button-checkmark-path" stroke-dasharray="19.79 19.79" stroke-dashoffset="19.79" fill="none" stroke="#FFFFFF" stroke-width="2" stroke-linecap="square" stroke-miterlimit="10" d="M9,17l3.9,3.9c0.1,0.1,0.2,0.1,0.3,0L23,11"></path></svg></button></div></div></div></li><li class="product-item product-grid-item product-item--grid2 product-item--FI"><div><a class="product-item-link" href="https://www.matsmart.fi/"><div class="product-grid-item-container"><div class="product-grid-item-image-col"><img src="./tea_files/old_salsa_dip_chipotle_pineapple_312g_front.jpg" srcset="https://cdn3.matsmart.se/sites/se/files/styles/product_teaser/public/products/old_salsa_dip_chipotle_pineapple_312g_front.jpg?itok=zEvHgU6t, https://cdn3.matsmart.se/sites/se/files/styles/product_teaser_2x/public/products/old_salsa_dip_chipotle_pineapple_312g_front.jpg?itok=2DRRRiXW 2x" alt="product" title="Parasta ennen: 31.05.2021" loading="lazy"></div><div class="product-item-price"><div property="offers" typeof="Offer" class="product-item-price-numbers product-item-price-numbers--FI"><meta property="availability" href="http://schema.org/InStock"><meta property="url" content="https://matsmart.fiundefined"><meta property="priceCurrency" content="EUR"><span property="price" content="1.99" class="product-price-title">1,99</span><span class="product-price-title medium">€</span></div></div></div><div class="product-grid-item-container product-grid-item-label-header"><span class="label">Smoky Chipotle Salsa</span><span class="brand-and-weight">Old El Paso | 312g</span></div></a></div><div class="actions-container"><div class="favorite-button"><button class="create-favorite-button">Tallenna</button></div><div class="savings-container"><div class="saved-amount"><span>Säästät </span><span>1,00&nbsp;€</span></div><div class="savings-info"><span class="savings-percentage">-33%</span><p class="product-item-old-price"><span class="product-item-old-price line-through">2,99&nbsp;€/kpl</span></p></div></div><div class="buy-box-container"><div class="buy-box"><button class="buy-button"><span class="buy-button-label">Osta</span><svg class="buy-button-checkmark" x="0px" y="0px" width="32px" height="32px" viewBox="0 0 32 32"><path class="buy-button-checkmark-path" stroke-dasharray="19.79 19.79" stroke-dashoffset="19.79" fill="none" stroke="#FFFFFF" stroke-width="2" stroke-linecap="square" stroke-miterlimit="10" d="M9,17l3.9,3.9c0.1,0.1,0.2,0.1,0.3,0L23,11"></path></svg></button></div></div></div></li><li class="product-item product-grid-item product-item--grid2 product-item--FI"><div><a class="product-item-link" href="https://www.matsmart.fi/"><div class="product-grid-item-container"><div class="product-grid-item-image-col"><img src="./tea_files/knorr_honsbuljong_1.jpg" srcset="https://cdn3.matsmart.se/sites/se/files/styles/product_teaser/public/products/knorr_honsbuljong_1.jpg?itok=egjxtfXe, https://cdn3.matsmart.se/sites/se/files/styles/product_teaser_2x/public/products/knorr_honsbuljong_1.jpg?itok=QdjWQpsx 2x" alt="product" title="Parasta ennen: 31.01.2021" loading="lazy"><div class="eco-badge-icon">LUOMU</div></div><div class="product-item-price"><div property="offers" typeof="Offer" class="product-item-multi-price-wrapper"><meta property="availability" href="http://schema.org/InStock"><meta property="url" content="https://matsmart.fiundefined"><span class="product-item-multi-price-label">2kpl</span><div class="product-item-price-numbers product-item-price-numbers--multi-price product-item-price-numbers--FI"><span property="price" content="2" class="product-price-title">2</span><meta property="priceCurrency" content="EUR"><span class="product-price-title medium">€</span></div><span content="1.19" class="product-item-multi-price-single-price">1,19&nbsp;€/kpl</span></div></div></div><div class="product-grid-item-container product-grid-item-label-header"><span class="label">Luomu Kanaliemi 12kpl</span><span class="brand-and-weight">Knorr | 12 x 10g</span></div></a></div><div class="actions-container"><div class="favorite-button"><button class="create-favorite-button">Tallenna</button></div><div class="savings-container"><div class="saved-amount"><span>Säästät </span><span>1,78&nbsp;€/2 kpl</span></div><div class="savings-info"><span class="savings-percentage">-47%</span><p class="product-item-old-price"><span class="product-item-old-price line-through">1,89&nbsp;€/kpl</span></p></div></div><div class="buy-box-container"><div class="buy-box"><button class="buy-button"><span class="buy-button-label">Osta</span><svg class="buy-button-checkmark" x="0px" y="0px" width="32px" height="32px" viewBox="0 0 32 32"><path class="buy-button-checkmark-path" stroke-dasharray="19.79 19.79" stroke-dashoffset="19.79" fill="none" stroke="#FFFFFF" stroke-width="2" stroke-linecap="square" stroke-miterlimit="10" d="M9,17l3.9,3.9c0.1,0.1,0.2,0.1,0.3,0L23,11"></path></svg></button></div></div></div></li><li class="product-item product-grid-item product-item--grid2 product-item--FI"><div><a class="product-item-link" href="https://www.matsmart.fi/yrttitee-detox"><div class="product-grid-item-container"><div class="product-grid-item-image-col"><img src="./tea_files/lipton_do_the_detox.jpg" srcset="https://cdn2.matsmart.se/sites/se/files/styles/product_teaser/public/products/lipton_do_the_detox.jpg?itok=euYcm8gd, https://cdn2.matsmart.se/sites/se/files/styles/product_teaser_2x/public/products/lipton_do_the_detox.jpg?itok=gYoocIZX 2x" alt="product" title="Parasta ennen: 30.09.2021" loading="lazy"></div><div class="product-item-price"><div property="offers" typeof="Offer" class="product-item-multi-price-wrapper"><meta property="availability" href="http://schema.org/InStock"><meta property="url" content="https://matsmart.fiundefined"><span class="product-item-multi-price-label">2kpl</span><div class="product-item-price-numbers product-item-price-numbers--multi-price product-item-price-numbers--FI"><span property="price" content="3" class="product-price-title">3</span><meta property="priceCurrency" content="EUR"><span class="product-price-title medium">€</span></div><span content="1.69" class="product-item-multi-price-single-price">1,69&nbsp;€/kpl</span></div></div></div><div class="product-grid-item-container product-grid-item-label-header"><span class="label">Yrttitee Detox</span><span class="brand-and-weight">Lipton | 30g</span></div></a></div><div class="actions-container"><div class="favorite-button"><button class="create-favorite-button">Tallenna</button></div><div class="savings-container"><div class="saved-amount"><span>Säästät </span><span>1,00&nbsp;€/2 kpl</span></div><div class="savings-info"><span class="savings-percentage">-25%</span><p class="product-item-old-price"><span class="product-item-old-price line-through">2&nbsp;€/kpl</span></p></div></div><div class="buy-box-container"><div class="buy-box"><button class="buy-button"><span class="buy-button-label">Osta</span><svg class="buy-button-checkmark" x="0px" y="0px" width="32px" height="32px" viewBox="0 0 32 32"><path class="buy-button-checkmark-path" stroke-dasharray="19.79 19.79" stroke-dashoffset="19.79" fill="none" stroke="#FFFFFF" stroke-width="2" stroke-linecap="square" stroke-miterlimit="10" d="M9,17l3.9,3.9c0.1,0.1,0.2,0.1,0.3,0L23,11"></path></svg></button></div></div></div></li><li class="product-item product-grid-item product-item--grid2 product-item--FI"><div><a class="product-item-link" href="https://www.matsmart.fi/"><div class="product-grid-item-container"><div class="product-grid-item-image-col"><img src="./tea_files/old_restaurante_sweet_habanero_salsa_300g_front.jpg" srcset="https://cdn3.matsmart.se/sites/se/files/styles/product_teaser/public/products/old_restaurante_sweet_habanero_salsa_300g_front.jpg?itok=Aa0P2DuB, https://cdn3.matsmart.se/sites/se/files/styles/product_teaser_2x/public/products/old_restaurante_sweet_habanero_salsa_300g_front.jpg?itok=2M1MT0DZ 2x" alt="product" title="Parasta ennen: 30.06.2021" loading="lazy"></div><div class="product-item-price"><div property="offers" typeof="Offer" class="product-item-price-numbers product-item-price-numbers--FI"><meta property="availability" href="http://schema.org/InStock"><meta property="url" content="https://matsmart.fiundefined"><meta property="priceCurrency" content="EUR"><span property="price" content="1.99" class="product-price-title">1,99</span><span class="product-price-title medium">€</span></div></div></div><div class="product-grid-item-container product-grid-item-label-header"><span class="label">Sweet Habanero Chili Salsa</span><span class="brand-and-weight">Old El Paso | 300g</span></div></a></div><div class="actions-container"><div class="favorite-button"><button class="create-favorite-button">Tallenna</button></div><div class="savings-container"><div class="saved-amount"><span>Säästät </span><span>1,00&nbsp;€</span></div><div class="savings-info"><span class="savings-percentage">-33%</span><p class="product-item-old-price"><span class="product-item-old-price line-through">2,99&nbsp;€/kpl</span></p></div></div><div class="buy-box-container"><div class="buy-box"><button class="buy-button"><span class="buy-button-label">Osta</span><svg class="buy-button-checkmark" x="0px" y="0px" width="32px" height="32px" viewBox="0 0 32 32"><path class="buy-button-checkmark-path" stroke-dasharray="19.79 19.79" stroke-dashoffset="19.79" fill="none" stroke="#FFFFFF" stroke-width="2" stroke-linecap="square" stroke-miterlimit="10" d="M9,17l3.9,3.9c0.1,0.1,0.2,0.1,0.3,0L23,11"></path></svg></button></div></div></div></li><li class="product-item product-grid-item product-item--grid2 product-item--FI"><div><a class="product-item-link" href="https://www.matsmart.fi/"><div class="product-grid-item-container"><div class="product-grid-item-image-col"><img src="./tea_files/old_el_paso_mexicana_smoky_chipotle_chili_salsa.jpg" srcset="https://cdn1.matsmart.se/sites/se/files/styles/product_teaser/public/products/old_el_paso_mexicana_smoky_chipotle_chili_salsa.jpg?itok=hyR_ZSr4, https://cdn1.matsmart.se/sites/se/files/styles/product_teaser_2x/public/products/old_el_paso_mexicana_smoky_chipotle_chili_salsa.jpg?itok=IVnF9MfD 2x" alt="product" title="Parasta ennen: 30.06.2021" loading="lazy"></div><div class="product-item-price"><div property="offers" typeof="Offer" class="product-item-price-numbers product-item-price-numbers--FI"><meta property="availability" href="http://schema.org/InStock"><meta property="url" content="https://matsmart.fiundefined"><meta property="priceCurrency" content="EUR"><span property="price" content="1.99" class="product-price-title">1,99</span><span class="product-price-title medium">€</span></div></div></div><div class="product-grid-item-container product-grid-item-label-header"><span class="label">Smoky Chipotle Chili Salsa</span><span class="brand-and-weight">Old El Paso | 292g</span></div></a></div><div class="actions-container"><div class="favorite-button"><button class="create-favorite-button">Tallenna</button></div><div class="savings-container"><div class="saved-amount"><span>Säästät </span><span>1,00&nbsp;€</span></div><div class="savings-info"><span class="savings-percentage">-33%</span><p class="product-item-old-price"><span class="product-item-old-price line-through">2,99&nbsp;€/kpl</span></p></div></div><div class="buy-box-container"><div class="buy-box"><button class="buy-button"><span class="buy-button-label">Osta</span><svg class="buy-button-checkmark" x="0px" y="0px" width="32px" height="32px" viewBox="0 0 32 32"><path class="buy-button-checkmark-path" stroke-dasharray="19.79 19.79" stroke-dashoffset="19.79" fill="none" stroke="#FFFFFF" stroke-width="2" stroke-linecap="square" stroke-miterlimit="10" d="M9,17l3.9,3.9c0.1,0.1,0.2,0.1,0.3,0L23,11"></path></svg></button></div></div></div></li><li class="product-item product-grid-item product-item--grid2 product-item--FI"><div><a class="product-item-link" href="https://www.matsmart.fi/"><div class="product-grid-item-container"><div class="product-grid-item-image-col"><img src="./tea_files/vegetabledip.jpg" srcset="https://cdn3.matsmart.se/sites/se/files/styles/product_teaser/public/products/vegetabledip.jpg?itok=qf2dBp8i, https://cdn3.matsmart.se/sites/se/files/styles/product_teaser_2x/public/products/vegetabledip.jpg?itok=zDGkakt- 2x" alt="product" title="Parasta ennen: 30.10.2020" loading="lazy"></div><div class="product-item-price"><div property="offers" typeof="Offer" class="product-item-multi-price-wrapper"><meta property="availability" href="http://schema.org/InStock"><meta property="url" content="https://matsmart.fiundefined"><span class="product-item-multi-price-label">2kpl</span><div class="product-item-price-numbers product-item-price-numbers--multi-price product-item-price-numbers--FI"><span property="price" content="3" class="product-price-title">3</span><meta property="priceCurrency" content="EUR"><span class="product-price-title medium">€</span></div><span content="1.59" class="product-item-multi-price-single-price">1,59&nbsp;€/kpl</span></div></div></div><div class="product-grid-item-container product-grid-item-label-header"><span class="label">Tomaattisalsa Roasted Vegetable</span><span class="brand-and-weight">Old El Paso | 312 g</span></div></a></div><div class="actions-container"><div class="favorite-button"><button class="create-favorite-button">Tallenna</button></div><div class="savings-container"><div class="saved-amount"><span>Säästät </span><span>1,60&nbsp;€/2 kpl</span></div><div class="savings-info"><span class="savings-percentage">-35%</span><p class="product-item-old-price"><span class="product-item-old-price line-through">2,30&nbsp;€/kpl</span></p></div></div><div class="buy-box-container"><div class="buy-box"><button class="buy-button"><span class="buy-button-label">Osta</span><svg class="buy-button-checkmark" x="0px" y="0px" width="32px" height="32px" viewBox="0 0 32 32"><path class="buy-button-checkmark-path" stroke-dasharray="19.79 19.79" stroke-dashoffset="19.79" fill="none" stroke="#FFFFFF" stroke-width="2" stroke-linecap="square" stroke-miterlimit="10" d="M9,17l3.9,3.9c0.1,0.1,0.2,0.1,0.3,0L23,11"></path></svg></button></div></div></div></li><li class="product-item product-grid-item product-item--grid2 product-item--FI"><div><a class="product-item-link" href="https://www.matsmart.fi/"><div class="product-grid-item-container"><div class="product-grid-item-image-col"><img src="./tea_files/bla_band_mexican_tomato_pepper_front.jpg" srcset="https://cdn2.matsmart.se/sites/se/files/styles/product_teaser/public/products/bla_band_mexican_tomato_pepper_front.jpg?itok=snh8x21U, https://cdn2.matsmart.se/sites/se/files/styles/product_teaser_2x/public/products/bla_band_mexican_tomato_pepper_front.jpg?itok=y1XdhioJ 2x" alt="product" title="Parasta ennen: 11.02.2021" loading="lazy"></div><div class="product-item-price"><div property="offers" typeof="Offer" class="product-item-price-numbers product-item-price-numbers--FI"><meta property="availability" href="http://schema.org/InStock"><meta property="url" content="https://matsmart.fiundefined"><meta property="priceCurrency" content="EUR"><span property="price" content="1.49" class="product-price-title">1,49</span><span class="product-price-title medium">€</span></div></div></div><div class="product-grid-item-container product-grid-item-label-header"><span class="label">Tomaatti &amp; Paprikamajoneesi</span><span class="brand-and-weight">Blå Band | 300ml</span></div></a></div><div class="actions-container"><div class="favorite-button"><button class="create-favorite-button">Tallenna</button></div><div class="savings-container"><div class="saved-amount"><span>Säästät </span><span>0,80&nbsp;€</span></div><div class="savings-info"><span class="savings-percentage">-35%</span><p class="product-item-old-price"><span class="product-item-old-price line-through">2,29&nbsp;€/kpl</span></p></div></div><div class="buy-box-container"><div class="buy-box"><button class="buy-button"><span class="buy-button-label">Osta</span><svg class="buy-button-checkmark" x="0px" y="0px" width="32px" height="32px" viewBox="0 0 32 32"><path class="buy-button-checkmark-path" stroke-dasharray="19.79 19.79" stroke-dashoffset="19.79" fill="none" stroke="#FFFFFF" stroke-width="2" stroke-linecap="square" stroke-miterlimit="10" d="M9,17l3.9,3.9c0.1,0.1,0.2,0.1,0.3,0L23,11"></path></svg></button></div></div></div></li><li class="product-item product-grid-item product-item--grid2 product-item--FI"><div><a class="product-item-link" href="https://www.matsmart.fi/"><div class="product-grid-item-container"><div class="product-grid-item-image-col"><img src="./tea_files/hawaii_sas.jpg" srcset="https://cdn1.matsmart.se/sites/se/files/styles/product_teaser/public/products/hawaii_sas.jpg?itok=APRnnf4M, https://cdn1.matsmart.se/sites/se/files/styles/product_teaser_2x/public/products/hawaii_sas.jpg?itok=GM2F8rD8 2x" alt="product" title="Parasta ennen: 18.11.2020" loading="lazy"></div><div class="product-item-price"><div property="offers" typeof="Offer" class="product-item-price-numbers product-item-price-numbers--FI"><meta property="availability" href="http://schema.org/InStock"><meta property="url" content="https://matsmart.fiundefined"><meta property="priceCurrency" content="EUR"><span property="price" content="1.49" class="product-price-title">1,49</span><span class="product-price-title medium">€</span></div></div></div><div class="product-grid-item-container product-grid-item-label-header"><span class="label">Kastike Hawaii</span><span class="brand-and-weight">Blå Band | 300ml</span></div></a></div><div class="actions-container"><div class="favorite-button"><button class="create-favorite-button">Tallenna</button></div><div class="savings-container"><div class="saved-amount"><span>Säästät </span><span>0,80&nbsp;€</span></div><div class="savings-info"><span class="savings-percentage">-35%</span><p class="product-item-old-price"><span class="product-item-old-price line-through">2,29&nbsp;€/kpl</span></p></div></div><div class="buy-box-container"><div class="buy-box"><button class="buy-button"><span class="buy-button-label">Osta</span><svg class="buy-button-checkmark" x="0px" y="0px" width="32px" height="32px" viewBox="0 0 32 32"><path class="buy-button-checkmark-path" stroke-dasharray="19.79 19.79" stroke-dashoffset="19.79" fill="none" stroke="#FFFFFF" stroke-width="2" stroke-linecap="square" stroke-miterlimit="10" d="M9,17l3.9,3.9c0.1,0.1,0.2,0.1,0.3,0L23,11"></path></svg></button></div></div></div></li><li class="product-item product-grid-item product-item--grid2 product-item--FI"><div><a class="product-item-link" href="https://www.matsmart.fi/"><div class="product-grid-item-container"><div class="product-grid-item-image-col"><img src="./tea_files/beasas.jpg" srcset="https://cdn4.matsmart.se/sites/se/files/styles/product_teaser/public/products/beasas.jpg?itok=4Pzot6j1, https://cdn4.matsmart.se/sites/se/files/styles/product_teaser_2x/public/products/beasas.jpg?itok=45dPdO_m 2x" alt="product" title="Parasta ennen: 28.08.2020" loading="lazy"></div><div class="product-item-price"><div property="offers" typeof="Offer" class="product-item-price-numbers product-item-price-numbers--FI"><meta property="availability" href="http://schema.org/InStock"><meta property="url" content="https://matsmart.fiundefined"><meta property="priceCurrency" content="EUR"><span property="price" content="1.49" class="product-price-title">1,49</span><span class="product-price-title medium">€</span></div></div></div><div class="product-grid-item-container product-grid-item-label-header"><span class="label">Bearnaisekastike</span><span class="brand-and-weight">Blå Band | 300ml</span></div></a></div><div class="actions-container"><div class="favorite-button"><button class="create-favorite-button">Tallenna</button></div><div class="savings-container"><div class="saved-amount"><span>Säästät </span><span>1,26&nbsp;€</span></div><div class="savings-info"><span class="savings-percentage">-46%</span><p class="product-item-old-price"><span class="product-item-old-price line-through">2,75&nbsp;€/kpl</span></p></div></div><div class="buy-box-container"><div class="buy-box"><button class="buy-button"><span class="buy-button-label">Osta</span><svg class="buy-button-checkmark" x="0px" y="0px" width="32px" height="32px" viewBox="0 0 32 32"><path class="buy-button-checkmark-path" stroke-dasharray="19.79 19.79" stroke-dashoffset="19.79" fill="none" stroke="#FFFFFF" stroke-width="2" stroke-linecap="square" stroke-miterlimit="10" d="M9,17l3.9,3.9c0.1,0.1,0.2,0.1,0.3,0L23,11"></path></svg></button></div></div></div></li><li class="product-item product-grid-item product-item--grid2 product-item--FI"><div><a class="product-item-link" href="https://www.matsmart.fi/"><div class="product-grid-item-container"><div class="product-grid-item-image-col"><img src="./tea_files/start_naturell_ny.jpg" srcset="https://cdn4.matsmart.se/sites/se/files/styles/product_teaser/public/products/start_naturell_ny.jpg?itok=FJUfTGaD, https://cdn4.matsmart.se/sites/se/files/styles/product_teaser_2x/public/products/start_naturell_ny.jpg?itok=IwnDt2IZ 2x" alt="product" title="Parasta ennen: 24.08.2021" loading="lazy"></div><div class="product-item-price"><div property="offers" typeof="Offer" class="product-item-multi-price-wrapper"><meta property="availability" href="http://schema.org/InStock"><meta property="url" content="https://matsmart.fiundefined"><span class="product-item-multi-price-label">2kpl</span><div class="product-item-price-numbers product-item-price-numbers--multi-price product-item-price-numbers--FI"><span property="price" content="6" class="product-price-title">6</span><meta property="priceCurrency" content="EUR"><span class="product-price-title medium">€</span></div><span content="3.29" class="product-item-multi-price-single-price">3,29&nbsp;€/kpl</span></div></div></div><div class="product-grid-item-container product-grid-item-label-header"><span class="label">Kauramysli Naturell</span><span class="brand-and-weight">Start | 750g</span></div></a></div><div class="actions-container"><div class="favorite-button"><button class="create-favorite-button">Tallenna</button></div><div class="savings-container"><div class="saved-amount"><span>Säästät </span><span>1,90&nbsp;€/2 kpl</span></div><div class="savings-info"><span class="savings-percentage">-24%</span><p class="product-item-old-price"><span class="product-item-old-price line-through">3,95&nbsp;€/kpl</span></p></div></div><div class="buy-box-container"><div class="buy-box"><button class="buy-button"><span class="buy-button-label">Osta</span><svg class="buy-button-checkmark" x="0px" y="0px" width="32px" height="32px" viewBox="0 0 32 32"><path class="buy-button-checkmark-path" stroke-dasharray="19.79 19.79" stroke-dashoffset="19.79" fill="none" stroke="#FFFFFF" stroke-width="2" stroke-linecap="square" stroke-miterlimit="10" d="M9,17l3.9,3.9c0.1,0.1,0.2,0.1,0.3,0L23,11"></path></svg></button></div></div></div></li><li class="product-item product-grid-item product-item--grid2 product-item--FI"><div><a class="product-item-link" href="https://www.matsmart.fi/"><div class="product-grid-item-container"><div class="product-grid-item-image-col"><img src="./tea_files/pre_prepco_porridge_apple-date-cinnamo_57gx8_57g_.jpg" srcset="https://cdn4.matsmart.se/sites/se/files/styles/product_teaser/public/products/pre_prepco_porridge_apple-date-cinnamo_57gx8_57g_.jpg?itok=94_OyVor, https://cdn4.matsmart.se/sites/se/files/styles/product_teaser_2x/public/products/pre_prepco_porridge_apple-date-cinnamo_57gx8_57g_.jpg?itok=ju8NQx0- 2x" alt="product" title="Parasta ennen: 28.02.2021" loading="lazy"></div><div class="product-item-price"><div property="offers" typeof="Offer" class="product-item-multi-price-wrapper"><meta property="availability" href="http://schema.org/InStock"><meta property="url" content="https://matsmart.fiundefined"><span class="product-item-multi-price-label">2kpl</span><div class="product-item-price-numbers product-item-price-numbers--multi-price product-item-price-numbers--FI"><span property="price" content="3" class="product-price-title">3</span><meta property="priceCurrency" content="EUR"><span class="product-price-title medium">€</span></div><span content="1.59" class="product-item-multi-price-single-price">1,59&nbsp;€/kpl</span></div></div></div><div class="product-grid-item-container product-grid-item-label-header"><span class="label">Annoskaurapuuro Omena, Taateli &amp; Kaneli</span><span class="brand-and-weight">Prep Co. | 57g</span></div></a></div><div class="actions-container"><div class="favorite-button"><button class="create-favorite-button">Tallenna</button></div><div class="savings-container"><div class="saved-amount"><span>Säästät </span><span>0,98&nbsp;€/2 kpl</span></div><div class="savings-info"><span class="savings-percentage">-25%</span><p class="product-item-old-price"><span class="product-item-old-price line-through">1,99&nbsp;€/kpl</span></p></div></div><div class="buy-box-container"><div class="buy-box"><button class="buy-button"><span class="buy-button-label">Osta</span><svg class="buy-button-checkmark" x="0px" y="0px" width="32px" height="32px" viewBox="0 0 32 32"><path class="buy-button-checkmark-path" stroke-dasharray="19.79 19.79" stroke-dashoffset="19.79" fill="none" stroke="#FFFFFF" stroke-width="2" stroke-linecap="square" stroke-miterlimit="10" d="M9,17l3.9,3.9c0.1,0.1,0.2,0.1,0.3,0L23,11"></path></svg></button></div></div></div></li><li class="product-item product-grid-item product-item--grid2 product-item--FI"><div><a class="product-item-link" href="https://www.matsmart.fi/"><div class="product-grid-item-container"><div class="product-grid-item-image-col"><img src="./tea_files/pre_annoskaurapuuro_kookos_mansikka_chiansiemen_57g_.jpg" srcset="https://cdn2.matsmart.se/sites/se/files/styles/product_teaser/public/products/pre_annoskaurapuuro_kookos_mansikka_chiansiemen_57g_.jpg?itok=mEH9kaWB, https://cdn2.matsmart.se/sites/se/files/styles/product_teaser_2x/public/products/pre_annoskaurapuuro_kookos_mansikka_chiansiemen_57g_.jpg?itok=6QLMt5YB 2x" alt="product" title="Parasta ennen: 28.02.2021" loading="lazy"></div><div class="product-item-price"><div property="offers" typeof="Offer" class="product-item-multi-price-wrapper"><meta property="availability" href="http://schema.org/InStock"><meta property="url" content="https://matsmart.fiundefined"><span class="product-item-multi-price-label">2kpl</span><div class="product-item-price-numbers product-item-price-numbers--multi-price product-item-price-numbers--FI"><span property="price" content="3" class="product-price-title">3</span><meta property="priceCurrency" content="EUR"><span class="product-price-title medium">€</span></div><span content="1.59" class="product-item-multi-price-single-price">1,59&nbsp;€/kpl</span></div></div></div><div class="product-grid-item-container product-grid-item-label-header"><span class="label">Annoskaurapuuro Kookos, Mansikka &amp; Chiansiemen</span><span class="brand-and-weight">Prep Co. | 57g</span></div></a></div><div class="actions-container"><div class="favorite-button"><button class="create-favorite-button">Tallenna</button></div><div class="savings-container"><div class="saved-amount"><span>Säästät </span><span>0,98&nbsp;€/2 kpl</span></div><div class="savings-info"><span class="savings-percentage">-25%</span><p class="product-item-old-price"><span class="product-item-old-price line-through">1,99&nbsp;€/kpl</span></p></div></div><div class="buy-box-container"><div class="buy-box"><button class="buy-button"><span class="buy-button-label">Osta</span><svg class="buy-button-checkmark" x="0px" y="0px" width="32px" height="32px" viewBox="0 0 32 32"><path class="buy-button-checkmark-path" stroke-dasharray="19.79 19.79" stroke-dashoffset="19.79" fill="none" stroke="#FFFFFF" stroke-width="2" stroke-linecap="square" stroke-miterlimit="10" d="M9,17l3.9,3.9c0.1,0.1,0.2,0.1,0.3,0L23,11"></path></svg></button></div></div></div></li><li class="product-item product-grid-item product-item--grid2 product-item--FI"><div><a class="product-item-link" href="https://www.matsmart.fi/"><div class="product-grid-item-container"><div class="product-grid-item-image-col"><img src="./tea_files/turun_senap_mild_abo.jpg" srcset="https://cdn4.matsmart.se/sites/se/files/styles/product_teaser/public/products/turun_senap_mild_abo.jpg?itok=TOgcIKbn, https://cdn4.matsmart.se/sites/se/files/styles/product_teaser_2x/public/products/turun_senap_mild_abo.jpg?itok=OjM90iO_ 2x" alt="product" title="Parasta ennen: 08.10.2020" loading="lazy"></div><div class="product-item-price"><div property="offers" typeof="Offer" class="product-item-price-numbers product-item-price-numbers--FI"><meta property="availability" href="http://schema.org/InStock"><meta property="url" content="https://matsmart.fiundefined"><meta property="priceCurrency" content="EUR"><span property="price" content="0.99" class="product-price-title">0,99</span><span class="product-price-title medium">€</span></div></div></div><div class="product-grid-item-container product-grid-item-label-header"><span class="label">Mieto Sinappi</span><span class="brand-and-weight">Åbo Senap | 490g</span></div></a></div><div class="actions-container"><div class="favorite-button"><button class="create-favorite-button">Tallenna</button></div><div class="savings-container"><div class="saved-amount"><span>Säästät </span><span>1,80&nbsp;€</span></div><div class="savings-info"><span class="savings-percentage">-65%</span><p class="product-item-old-price"><span class="product-item-old-price line-through">2,79&nbsp;€/kpl</span></p></div></div><div class="buy-box-container"><div class="buy-box"><button class="buy-button"><span class="buy-button-label">Osta</span><svg class="buy-button-checkmark" x="0px" y="0px" width="32px" height="32px" viewBox="0 0 32 32"><path class="buy-button-checkmark-path" stroke-dasharray="19.79 19.79" stroke-dashoffset="19.79" fill="none" stroke="#FFFFFF" stroke-width="2" stroke-linecap="square" stroke-miterlimit="10" d="M9,17l3.9,3.9c0.1,0.1,0.2,0.1,0.3,0L23,11"></path></svg></button></div></div></div></li><li class="product-item product-grid-item product-item--grid2 product-item--FI"><div><a class="product-item-link" href="https://www.matsmart.fi/"><div class="product-grid-item-container"><div class="product-grid-item-image-col"><img src="./tea_files/soja_japansk_prb_150ml_bordsfl._eko.jpg" srcset="https://cdn3.matsmart.se/sites/se/files/styles/product_teaser/public/products/soja_japansk_prb_150ml_bordsfl._eko.jpg?itok=5y9NaAE-, https://cdn3.matsmart.se/sites/se/files/styles/product_teaser_2x/public/products/soja_japansk_prb_150ml_bordsfl._eko.jpg?itok=JPp5yOFD 2x" alt="product" title="Parasta ennen: 27.11.2021" loading="lazy"><div class="eco-badge-icon">LUOMU</div></div><div class="product-item-price"><div property="offers" typeof="Offer" class="product-item-price-numbers product-item-price-numbers--FI"><meta property="availability" href="http://schema.org/InStock"><meta property="url" content="https://matsmart.fiundefined"><meta property="priceCurrency" content="EUR"><span property="price" content="1.99" class="product-price-title">1,99</span><span class="product-price-title medium">€</span></div></div></div><div class="product-grid-item-container product-grid-item-label-header"><span class="label">Luomu Soijakastike</span><span class="brand-and-weight">Pearl river bridge | 150ml</span></div></a></div><div class="actions-container"><div class="favorite-button"><button class="create-favorite-button">Tallenna</button></div><div class="savings-container"><div class="saved-amount"><span>Säästät </span><span>0,80&nbsp;€</span></div><div class="savings-info"><span class="savings-percentage">-29%</span><p class="product-item-old-price"><span class="product-item-old-price line-through">2,79&nbsp;€/kpl</span></p></div></div><div class="buy-box-container"><div class="buy-box"><button class="buy-button"><span class="buy-button-label">Osta</span><svg class="buy-button-checkmark" x="0px" y="0px" width="32px" height="32px" viewBox="0 0 32 32"><path class="buy-button-checkmark-path" stroke-dasharray="19.79 19.79" stroke-dashoffset="19.79" fill="none" stroke="#FFFFFF" stroke-width="2" stroke-linecap="square" stroke-miterlimit="10" d="M9,17l3.9,3.9c0.1,0.1,0.2,0.1,0.3,0L23,11"></path></svg></button></div></div></div></li><li class="product-item product-grid-item product-item--grid2 product-item--FI"><div><a class="product-item-link" href="https://www.matsmart.fi/"><div class="product-grid-item-container"><div class="product-grid-item-image-col"><img src="./tea_files/24-pack_rol_rollton_asia_paistettu_kana_nuudeli_65g_65g.jpg" srcset="https://cdn2.matsmart.se/sites/se/files/styles/product_teaser/public/products/24-pack_rol_rollton_asia_paistettu_kana_nuudeli_65g_65g.jpg?itok=eJvkCSM3, https://cdn2.matsmart.se/sites/se/files/styles/product_teaser_2x/public/products/24-pack_rol_rollton_asia_paistettu_kana_nuudeli_65g_65g.jpg?itok=2oYsmbsr 2x" alt="product" title="Parasta ennen: 12.07.2021" loading="lazy"></div><div class="product-item-price"><div property="offers" typeof="Offer" class="product-item-price-numbers product-item-price-numbers--FI"><meta property="availability" href="http://schema.org/InStock"><meta property="url" content="https://matsmart.fiundefined"><meta property="priceCurrency" content="EUR"><span property="price" content="9.99" class="product-price-title">9,99</span><span class="product-price-title medium">€</span></div></div></div><div class="product-grid-item-container product-grid-item-label-header"><span class="label">Pikanuudelit Kana 24kpl</span><span class="brand-and-weight">Rollton | 24 x 65g</span></div></a></div><div class="actions-container"><div class="favorite-button"><button class="create-favorite-button">Tallenna</button></div><div class="savings-container"><div class="saved-amount"><span>Säästät </span><span>3,00&nbsp;€</span></div><div class="savings-info"><span class="savings-percentage">-23%</span><p class="product-item-old-price"><span class="product-item-old-price line-through">12,99&nbsp;€/kpl</span></p></div></div><div class="buy-box-container"><div class="buy-box"><button class="buy-button"><span class="buy-button-label">Osta</span><svg class="buy-button-checkmark" x="0px" y="0px" width="32px" height="32px" viewBox="0 0 32 32"><path class="buy-button-checkmark-path" stroke-dasharray="19.79 19.79" stroke-dashoffset="19.79" fill="none" stroke="#FFFFFF" stroke-width="2" stroke-linecap="square" stroke-miterlimit="10" d="M9,17l3.9,3.9c0.1,0.1,0.2,0.1,0.3,0L23,11"></path></svg></button></div></div></div></li><li class="product-item product-grid-item product-item--grid2 product-item--FI"><div><a class="product-item-link" href="https://www.matsmart.fi/"><div class="product-grid-item-container"><div class="product-grid-item-image-col"><img src="./tea_files/24-pack_rol_rollton_asia_tom_yum_nuudeli_65g_.jpg" srcset="https://cdn3.matsmart.se/sites/se/files/styles/product_teaser/public/products/24-pack_rol_rollton_asia_tom_yum_nuudeli_65g_.jpg?itok=ghU7gV4q, https://cdn3.matsmart.se/sites/se/files/styles/product_teaser_2x/public/products/24-pack_rol_rollton_asia_tom_yum_nuudeli_65g_.jpg?itok=7SXxjRDg 2x" alt="product" title="Parasta ennen: 12.07.2021" loading="lazy"></div><div class="product-item-price"><div property="offers" typeof="Offer" class="product-item-price-numbers product-item-price-numbers--FI"><meta property="availability" href="http://schema.org/InStock"><meta property="url" content="https://matsmart.fiundefined"><meta property="priceCurrency" content="EUR"><span property="price" content="9.99" class="product-price-title">9,99</span><span class="product-price-title medium">€</span></div></div></div><div class="product-grid-item-container product-grid-item-label-header"><span class="label">Pikanuudelit Tom Yum 24kpl</span><span class="brand-and-weight">Rollton | 24 x 65g</span></div></a></div><div class="actions-container"><div class="favorite-button"><button class="create-favorite-button">Tallenna</button></div><div class="savings-container"><div class="saved-amount"><span>Säästät </span><span>3,00&nbsp;€</span></div><div class="savings-info"><span class="savings-percentage">-23%</span><p class="product-item-old-price"><span class="product-item-old-price line-through">12,99&nbsp;€/kpl</span></p></div></div><div class="buy-box-container"><div class="buy-box"><button class="buy-button"><span class="buy-button-label">Osta</span><svg class="buy-button-checkmark" x="0px" y="0px" width="32px" height="32px" viewBox="0 0 32 32"><path class="buy-button-checkmark-path" stroke-dasharray="19.79 19.79" stroke-dashoffset="19.79" fill="none" stroke="#FFFFFF" stroke-width="2" stroke-linecap="square" stroke-miterlimit="10" d="M9,17l3.9,3.9c0.1,0.1,0.2,0.1,0.3,0L23,11"></path></svg></button></div></div></div></li><li class="product-item product-grid-item product-item--grid2 product-item--FI"><div><a class="product-item-link" href="https://www.matsmart.fi/"><div class="product-grid-item-container"><div class="product-grid-item-image-col"><img src="./tea_files/kno_kanafondi_1l.jpg" srcset="https://cdn2.matsmart.se/sites/se/files/styles/product_teaser/public/products/kno_kanafondi_1l.jpg?itok=2SOJy1XD, https://cdn2.matsmart.se/sites/se/files/styles/product_teaser_2x/public/products/kno_kanafondi_1l.jpg?itok=N1nJSMM1 2x" alt="product" title="Parasta ennen: 29.11.2020" loading="lazy"></div><div class="product-item-price"><div property="offers" typeof="Offer" class="product-item-price-numbers product-item-price-numbers--FI"><meta property="availability" href="http://schema.org/InStock"><meta property="url" content="https://matsmart.fiundefined"><meta property="priceCurrency" content="EUR"><span property="price" content="2.99" class="product-price-title">2,99</span><span class="product-price-title medium">€</span></div></div></div><div class="product-grid-item-container product-grid-item-label-header"><span class="label">Kanafondi</span><span class="brand-and-weight">Knorr | 1l</span></div></a></div><div class="actions-container"><div class="favorite-button"><button class="create-favorite-button">Tallenna</button></div><div class="savings-container"><div class="saved-amount"><span>Säästät </span><span>10,00&nbsp;€</span></div><div class="savings-info"><span class="savings-percentage">-77%</span><p class="product-item-old-price"><span class="product-item-old-price line-through">12,99&nbsp;€/kpl</span></p></div></div><div class="buy-box-container"><div class="buy-box"><button class="buy-button"><span class="buy-button-label">Osta</span><svg class="buy-button-checkmark" x="0px" y="0px" width="32px" height="32px" viewBox="0 0 32 32"><path class="buy-button-checkmark-path" stroke-dasharray="19.79 19.79" stroke-dashoffset="19.79" fill="none" stroke="#FFFFFF" stroke-width="2" stroke-linecap="square" stroke-miterlimit="10" d="M9,17l3.9,3.9c0.1,0.1,0.2,0.1,0.3,0L23,11"></path></svg></button></div></div></div></li><li class="product-item product-grid-item product-item--grid2 product-item--FI"><div><a class="product-item-link" href="https://www.matsmart.fi/"><div class="product-grid-item-container"><div class="product-grid-item-image-col"><img src="./tea_files/myl_lettu-_ja_vohvelijauho_14_lava_250g.jpg" srcset="https://cdn3.matsmart.se/sites/se/files/styles/product_teaser/public/products/myl_lettu-_ja_vohvelijauho_14_lava_250g.jpg?itok=hd2l0Qsg, https://cdn3.matsmart.se/sites/se/files/styles/product_teaser_2x/public/products/myl_lettu-_ja_vohvelijauho_14_lava_250g.jpg?itok=7iVzS1G6 2x" alt="product" title="Parasta ennen: 26.05.2021" loading="lazy"></div><div class="product-item-price"><div property="offers" typeof="Offer" class="product-item-multi-price-wrapper"><meta property="availability" href="http://schema.org/InStock"><meta property="url" content="https://matsmart.fiundefined"><span class="product-item-multi-price-label">3kpl</span><div class="product-item-price-numbers product-item-price-numbers--multi-price product-item-price-numbers--FI"><span property="price" content="4" class="product-price-title">4</span><meta property="priceCurrency" content="EUR"><span class="product-price-title medium">€</span></div><span content="1.39" class="product-item-multi-price-single-price">1,39&nbsp;€/kpl</span></div></div></div><div class="product-grid-item-container product-grid-item-label-header"><span class="label">Lettu- &amp; Vohvelijauho</span><span class="brand-and-weight">Myllyn Paras | 250g</span></div></a></div><div class="actions-container"><div class="favorite-button"><button class="create-favorite-button">Tallenna</button></div><div class="savings-container"><div class="saved-amount"><span>Säästät </span><span>1,37&nbsp;€/3 kpl</span></div><div class="savings-info"><span class="savings-percentage">-26%</span><p class="product-item-old-price"><span class="product-item-old-price line-through">1,79&nbsp;€/kpl</span></p></div></div><div class="buy-box-container"><div class="buy-box"><button class="buy-button"><span class="buy-button-label">Osta</span><svg class="buy-button-checkmark" x="0px" y="0px" width="32px" height="32px" viewBox="0 0 32 32"><path class="buy-button-checkmark-path" stroke-dasharray="19.79 19.79" stroke-dashoffset="19.79" fill="none" stroke="#FFFFFF" stroke-width="2" stroke-linecap="square" stroke-miterlimit="10" d="M9,17l3.9,3.9c0.1,0.1,0.2,0.1,0.3,0L23,11"></path></svg></button></div></div></div></li><li class="product-item product-grid-item product-item--grid2 product-item--FI"><div><a class="product-item-link" href="https://www.matsmart.fi/pikakahvi-oat-latte"><div class="product-grid-item-container"><div class="product-grid-item-image-col"><img src="./tea_files/nes_pikakahvi_oat_latte_96g.jpg" srcset="https://cdn3.matsmart.se/sites/se/files/styles/product_teaser/public/products/nes_pikakahvi_oat_latte_96g.jpg?itok=O2sa-P9a, https://cdn3.matsmart.se/sites/se/files/styles/product_teaser_2x/public/products/nes_pikakahvi_oat_latte_96g.jpg?itok=XY68o6DX 2x" alt="product" title="Parasta ennen: 30.11.2020" loading="lazy"></div><div class="product-item-price"><div property="offers" typeof="Offer" class="product-item-multi-price-wrapper"><meta property="availability" href="http://schema.org/InStock"><meta property="url" content="https://matsmart.fiundefined"><span class="product-item-multi-price-label">2kpl</span><div class="product-item-price-numbers product-item-price-numbers--multi-price product-item-price-numbers--FI"><span property="price" content="4" class="product-price-title">4</span><meta property="priceCurrency" content="EUR"><span class="product-price-title medium">€</span></div><span content="2.19" class="product-item-multi-price-single-price">2,19&nbsp;€/kpl</span></div></div></div><div class="product-grid-item-container product-grid-item-label-header"><span class="label">Pikakahvi Oat Latte</span><span class="brand-and-weight">Nescafé. | 6 x 16 g</span></div></a></div><div class="actions-container"><div class="favorite-button"><button class="create-favorite-button">Tallenna</button></div><div class="savings-container"><div class="saved-amount"><span>Säästät </span><span>2,18&nbsp;€/2 kpl</span></div><div class="savings-info"><span class="savings-percentage">-35%</span><p class="product-item-old-price"><span class="product-item-old-price line-through">3,09&nbsp;€/kpl</span></p></div></div><div class="buy-box-container"><div class="buy-box"><button class="buy-button"><span class="buy-button-label">Osta</span><svg class="buy-button-checkmark" x="0px" y="0px" width="32px" height="32px" viewBox="0 0 32 32"><path class="buy-button-checkmark-path" stroke-dasharray="19.79 19.79" stroke-dashoffset="19.79" fill="none" stroke="#FFFFFF" stroke-width="2" stroke-linecap="square" stroke-miterlimit="10" d="M9,17l3.9,3.9c0.1,0.1,0.2,0.1,0.3,0L23,11"></path></svg></button></div></div></div></li><li class="product-item product-grid-item product-item--grid2 product-item--FI"><div><a class="product-item-link" href="https://www.matsmart.fi/"><div class="product-grid-item-container"><div class="product-grid-item-image-col"><img src="./tea_files/granola_0.jpg" srcset="https://cdn1.matsmart.se/sites/se/files/styles/product_teaser/public/products/granola_0.jpg?itok=1CgHKyqX, https://cdn1.matsmart.se/sites/se/files/styles/product_teaser_2x/public/products/granola_0.jpg?itok=N2xLflmT 2x" alt="product" title="Parasta ennen: 28.12.2020" loading="lazy"></div><div class="product-item-price"><div property="offers" typeof="Offer" class="product-item-price-numbers product-item-price-numbers--FI"><meta property="availability" href="http://schema.org/InStock"><meta property="url" content="https://matsmart.fiundefined"><meta property="priceCurrency" content="EUR"><span property="price" content="2.29" class="product-price-title">2,29</span><span class="product-price-title medium">€</span></div></div></div><div class="product-grid-item-container product-grid-item-label-header"><span class="label">Granola Auringonkukansiemen &amp; Mansikka</span><span class="brand-and-weight">Myllyn Paras | 350g</span></div></a></div><div class="actions-container"><div class="favorite-button"><button class="create-favorite-button">Tallenna</button></div><div class="savings-container"><div class="saved-amount"><span>Säästät </span><span>1,10&nbsp;€</span></div><div class="savings-info"><span class="savings-percentage">-32%</span><p class="product-item-old-price"><span class="product-item-old-price line-through">3,39&nbsp;€/kpl</span></p></div></div><div class="buy-box-container"><div class="buy-box"><button class="buy-button"><span class="buy-button-label">Osta</span><svg class="buy-button-checkmark" x="0px" y="0px" width="32px" height="32px" viewBox="0 0 32 32"><path class="buy-button-checkmark-path" stroke-dasharray="19.79 19.79" stroke-dashoffset="19.79" fill="none" stroke="#FFFFFF" stroke-width="2" stroke-linecap="square" stroke-miterlimit="10" d="M9,17l3.9,3.9c0.1,0.1,0.2,0.1,0.3,0L23,11"></path></svg></button></div></div></div></li><li class="product-item product-grid-item product-item--grid2 product-item--FI"><div><a class="product-item-link" href="https://www.matsmart.fi/"><div class="product-grid-item-container"><div class="product-grid-item-image-col"><img src="./tea_files/knorr_hungarian_goulash.jpg" srcset="https://cdn2.matsmart.se/sites/se/files/styles/product_teaser/public/products/knorr_hungarian_goulash.jpg?itok=6BXOD-rZ, https://cdn2.matsmart.se/sites/se/files/styles/product_teaser_2x/public/products/knorr_hungarian_goulash.jpg?itok=_PSwSU10 2x" alt="product" title="Parasta ennen: 30.04.2021" loading="lazy"></div><div class="product-item-price"><div property="offers" typeof="Offer" class="product-item-multi-price-wrapper"><meta property="availability" href="http://schema.org/InStock"><meta property="url" content="https://matsmart.fiundefined"><span class="product-item-multi-price-label">4kpl</span><div class="product-item-price-numbers product-item-price-numbers--multi-price product-item-price-numbers--FI"><span property="price" content="4" class="product-price-title">4</span><meta property="priceCurrency" content="EUR"><span class="product-price-title medium">€</span></div><span content="1.19" class="product-item-multi-price-single-price">1,19&nbsp;€/kpl</span></div></div></div><div class="product-grid-item-container product-grid-item-label-header"><span class="label">Unkarilainen Gulassikeitto 3kpl</span><span class="brand-and-weight">Knorr | 3 x 14 g</span></div></a></div><div class="actions-container"><div class="favorite-button"><button class="create-favorite-button">Tallenna</button></div><div class="savings-container"><div class="saved-amount"><span>Säästät </span><span>1,96&nbsp;€/4 kpl</span></div><div class="savings-info"><span class="savings-percentage">-33%</span><p class="product-item-old-price"><span class="product-item-old-price line-through">1,49&nbsp;€/kpl</span></p></div></div><div class="buy-box-container"><div class="buy-box"><button class="buy-button"><span class="buy-button-label">Osta</span><svg class="buy-button-checkmark" x="0px" y="0px" width="32px" height="32px" viewBox="0 0 32 32"><path class="buy-button-checkmark-path" stroke-dasharray="19.79 19.79" stroke-dashoffset="19.79" fill="none" stroke="#FFFFFF" stroke-width="2" stroke-linecap="square" stroke-miterlimit="10" d="M9,17l3.9,3.9c0.1,0.1,0.2,0.1,0.3,0L23,11"></path></svg></button></div></div></div></li><li class="product-item product-grid-item product-item--grid2 product-item--FI"><div><a class="product-item-link" href="https://www.matsmart.fi/"><div class="product-grid-item-container"><div class="product-grid-item-image-col"><img src="./tea_files/knorr_eko_kottbuljong.jpg" srcset="https://cdn3.matsmart.se/sites/se/files/styles/product_teaser/public/products/knorr_eko_kottbuljong.jpg?itok=i97FJ1g3, https://cdn3.matsmart.se/sites/se/files/styles/product_teaser_2x/public/products/knorr_eko_kottbuljong.jpg?itok=TpxH-alL 2x" alt="product" title="Parasta ennen: 30.04.2021" loading="lazy"><div class="eco-badge-icon">LUOMU</div></div><div class="product-item-price"><div property="offers" typeof="Offer" class="product-item-multi-price-wrapper"><meta property="availability" href="http://schema.org/InStock"><meta property="url" content="https://matsmart.fiundefined"><span class="product-item-multi-price-label">4kpl</span><div class="product-item-price-numbers product-item-price-numbers--multi-price product-item-price-numbers--FI"><span property="price" content="3" class="product-price-title">3</span><meta property="priceCurrency" content="EUR"><span class="product-price-title medium">€</span></div><span content="0.99" class="product-item-multi-price-single-price">0,99&nbsp;€/kpl</span></div></div></div><div class="product-grid-item-container product-grid-item-label-header"><span class="label">Luomu Lihafondi</span><span class="brand-and-weight">Knorr | 12 x 10g</span></div></a></div><div class="actions-container"><div class="favorite-button"><button class="create-favorite-button">Tallenna</button></div><div class="savings-container"><div class="saved-amount"><span>Säästät </span><span>4,56&nbsp;€/4 kpl</span></div><div class="savings-info"><span class="savings-percentage">-60%</span><p class="product-item-old-price"><span class="product-item-old-price line-through">1,89&nbsp;€/kpl</span></p></div></div><div class="buy-box-container"><div class="buy-box"><button class="buy-button"><span class="buy-button-label">Osta</span><svg class="buy-button-checkmark" x="0px" y="0px" width="32px" height="32px" viewBox="0 0 32 32"><path class="buy-button-checkmark-path" stroke-dasharray="19.79 19.79" stroke-dashoffset="19.79" fill="none" stroke="#FFFFFF" stroke-width="2" stroke-linecap="square" stroke-miterlimit="10" d="M9,17l3.9,3.9c0.1,0.1,0.2,0.1,0.3,0L23,11"></path></svg></button></div></div></div></li><li class="product-item product-grid-item product-item--grid2 product-item--FI"><div><a class="product-item-link" href="https://www.matsmart.fi/musta-tee-50kpl"><div class="product-grid-item-container"><div class="product-grid-item-image-col"><img src="./tea_files/liptontee(1).jpg" srcset="https://cdn4.matsmart.se/sites/se/files/styles/product_teaser/public/products/liptontee.jpg?itok=8Rr_RpuV, https://cdn4.matsmart.se/sites/se/files/styles/product_teaser_2x/public/products/liptontee.jpg?itok=uIiSe9EO 2x" alt="product" title="Parasta ennen: 30.11.2020" loading="lazy"></div><div class="product-item-price"><div property="offers" typeof="Offer" class="product-item-multi-price-wrapper"><meta property="availability" href="http://schema.org/InStock"><meta property="url" content="https://matsmart.fiundefined"><span class="product-item-multi-price-label">2kpl</span><div class="product-item-price-numbers product-item-price-numbers--multi-price product-item-price-numbers--FI"><span property="price" content="3" class="product-price-title">3</span><meta property="priceCurrency" content="EUR"><span class="product-price-title medium">€</span></div><span content="1.59" class="product-item-multi-price-single-price">1,59&nbsp;€/kpl</span></div></div></div><div class="product-grid-item-container product-grid-item-label-header"><span class="label">Musta Tee 50kpl</span><span class="brand-and-weight">Lipton | 100g</span></div></a></div><div class="actions-container"><div class="favorite-button"><button class="create-favorite-button">Tallenna</button></div><div class="savings-container"><div class="saved-amount"><span>Säästät </span><span>0,98&nbsp;€/2 kpl</span></div><div class="savings-info"><span class="savings-percentage">-25%</span><p class="product-item-old-price"><span class="product-item-old-price line-through">1,99&nbsp;€/kpl</span></p></div></div><div class="buy-box-container"><div class="buy-box"><button class="buy-button"><span class="buy-button-label">Osta</span><svg class="buy-button-checkmark" x="0px" y="0px" width="32px" height="32px" viewBox="0 0 32 32"><path class="buy-button-checkmark-path" stroke-dasharray="19.79 19.79" stroke-dashoffset="19.79" fill="none" stroke="#FFFFFF" stroke-width="2" stroke-linecap="square" stroke-miterlimit="10" d="M9,17l3.9,3.9c0.1,0.1,0.2,0.1,0.3,0L23,11"></path></svg></button></div></div></div></li><li class="product-item product-grid-item product-item--grid2 product-item--FI"><div><a class="product-item-link" href="https://www.matsmart.fi/"><div class="product-grid-item-container"><div class="product-grid-item-image-col"><img src="./tea_files/hotdogkastike.jpg" srcset="https://cdn1.matsmart.se/sites/se/files/styles/product_teaser/public/products/hotdogkastike.jpg?itok=cZKQY3SS, https://cdn1.matsmart.se/sites/se/files/styles/product_teaser_2x/public/products/hotdogkastike.jpg?itok=OJXd145V 2x" alt="product" title="Parasta ennen: 26.01.2021" loading="lazy"></div><div class="product-item-price"><div property="offers" typeof="Offer" class="product-item-multi-price-wrapper"><meta property="availability" href="http://schema.org/InStock"><meta property="url" content="https://matsmart.fiundefined"><span class="product-item-multi-price-label">2kpl</span><div class="product-item-price-numbers product-item-price-numbers--multi-price product-item-price-numbers--FI"><span property="price" content="3" class="product-price-title">3</span><meta property="priceCurrency" content="EUR"><span class="product-price-title medium">€</span></div><span content="1.59" class="product-item-multi-price-single-price">1,59&nbsp;€/kpl</span></div></div></div><div class="product-grid-item-container product-grid-item-label-header"><span class="label">Hotdogkastike </span><span class="brand-and-weight">Felix | 380g</span></div></a></div><div class="actions-container"><div class="favorite-button"><button class="create-favorite-button">Tallenna</button></div><div class="savings-container"><div class="saved-amount"><span>Säästät </span><span>2,38&nbsp;€/2 kpl</span></div><div class="savings-info"><span class="savings-percentage">-44%</span><p class="product-item-old-price"><span class="product-item-old-price line-through">2,69&nbsp;€/kpl</span></p></div></div><div class="buy-box-container"><div class="buy-box"><button class="buy-button"><span class="buy-button-label">Osta</span><svg class="buy-button-checkmark" x="0px" y="0px" width="32px" height="32px" viewBox="0 0 32 32"><path class="buy-button-checkmark-path" stroke-dasharray="19.79 19.79" stroke-dashoffset="19.79" fill="none" stroke="#FFFFFF" stroke-width="2" stroke-linecap="square" stroke-miterlimit="10" d="M9,17l3.9,3.9c0.1,0.1,0.2,0.1,0.3,0L23,11"></path></svg></button></div></div></div></li><li class="product-item product-grid-item product-item--grid2 product-item--FI"><div><a class="product-item-link" href="https://www.matsmart.fi/"><div class="product-grid-item-container"><div class="product-grid-item-image-col"><img src="./tea_files/felix_street_kicthen_curry.jpg" srcset="https://cdn1.matsmart.se/sites/se/files/styles/product_teaser/public/products/felix_street_kicthen_curry.jpg?itok=jWrhdSjs, https://cdn1.matsmart.se/sites/se/files/styles/product_teaser_2x/public/products/felix_street_kicthen_curry.jpg?itok=QpqTjMHb 2x" alt="product" title="Parasta ennen: 13.10.2020" loading="lazy"></div><div class="product-item-price"><div property="offers" typeof="Offer" class="product-item-multi-price-wrapper"><meta property="availability" href="http://schema.org/InStock"><meta property="url" content="https://matsmart.fiundefined"><span class="product-item-multi-price-label">2kpl</span><div class="product-item-price-numbers product-item-price-numbers--multi-price product-item-price-numbers--FI"><span property="price" content="2" class="product-price-title">2</span><meta property="priceCurrency" content="EUR"><span class="product-price-title medium">€</span></div><span content="1.19" class="product-item-multi-price-single-price">1,19&nbsp;€/kpl</span></div></div></div><div class="product-grid-item-container product-grid-item-label-header"><span class="label">Currykastike Chick N Wings</span><span class="brand-and-weight">Felix | 380g</span></div></a></div><div class="actions-container"><div class="favorite-button"><button class="create-favorite-button">Tallenna</button></div><div class="savings-container"><div class="saved-amount"><span>Säästät </span><span>3,38&nbsp;€/2 kpl</span></div><div class="savings-info"><span class="savings-percentage">-63%</span><p class="product-item-old-price"><span class="product-item-old-price line-through">2,69&nbsp;€/kpl</span></p></div></div><div class="buy-box-container"><div class="buy-box"><button class="buy-button"><span class="buy-button-label">Osta</span><svg class="buy-button-checkmark" x="0px" y="0px" width="32px" height="32px" viewBox="0 0 32 32"><path class="buy-button-checkmark-path" stroke-dasharray="19.79 19.79" stroke-dashoffset="19.79" fill="none" stroke="#FFFFFF" stroke-width="2" stroke-linecap="square" stroke-miterlimit="10" d="M9,17l3.9,3.9c0.1,0.1,0.2,0.1,0.3,0L23,11"></path></svg></button></div></div></div></li><li class="product-item product-grid-item product-item--grid2 product-item--FI"><div><a class="product-item-link" href="https://www.matsmart.fi/"><div class="product-grid-item-container"><div class="product-grid-item-image-col"><img src="./tea_files/felixdip.jpg" srcset="https://cdn3.matsmart.se/sites/se/files/styles/product_teaser/public/products/felixdip.jpg?itok=IlL7TD_p, https://cdn3.matsmart.se/sites/se/files/styles/product_teaser_2x/public/products/felixdip.jpg?itok=Oy_0cqoK 2x" alt="product" title="Parasta ennen: 14.01.2021" loading="lazy"></div><div class="product-item-price"><div property="offers" typeof="Offer" class="product-item-multi-price-wrapper"><meta property="availability" href="http://schema.org/InStock"><meta property="url" content="https://matsmart.fiundefined"><span class="product-item-multi-price-label">2kpl</span><div class="product-item-price-numbers product-item-price-numbers--multi-price product-item-price-numbers--FI"><span property="price" content="3" class="product-price-title">3</span><meta property="priceCurrency" content="EUR"><span class="product-price-title medium">€</span></div><span content="1.59" class="product-item-multi-price-single-price">1,59&nbsp;€/kpl</span></div></div></div><div class="product-grid-item-container product-grid-item-label-header"><span class="label">Pizza Dippikastike</span><span class="brand-and-weight">Felix | 380g</span></div></a></div><div class="actions-container"><div class="favorite-button"><button class="create-favorite-button">Tallenna</button></div><div class="savings-container"><div class="saved-amount"><span>Säästät </span><span>2,38&nbsp;€/2 kpl</span></div><div class="savings-info"><span class="savings-percentage">-44%</span><p class="product-item-old-price"><span class="product-item-old-price line-through">2,69&nbsp;€/kpl</span></p></div></div><div class="buy-box-container"><div class="buy-box"><button class="buy-button"><span class="buy-button-label">Osta</span><svg class="buy-button-checkmark" x="0px" y="0px" width="32px" height="32px" viewBox="0 0 32 32"><path class="buy-button-checkmark-path" stroke-dasharray="19.79 19.79" stroke-dashoffset="19.79" fill="none" stroke="#FFFFFF" stroke-width="2" stroke-linecap="square" stroke-miterlimit="10" d="M9,17l3.9,3.9c0.1,0.1,0.2,0.1,0.3,0L23,11"></path></svg></button></div></div></div></li><li class="product-item product-grid-item product-item--grid2 product-item--FI"><div><a class="product-item-link" href="https://www.matsmart.fi/"><div class="product-grid-item-container"><div class="product-grid-item-image-col"><img src="./tea_files/bla_band_risotto_kantarell.jpg" srcset="https://cdn3.matsmart.se/sites/se/files/styles/product_teaser/public/products/bla_band_risotto_kantarell.jpg?itok=oOG_k7uJ, https://cdn3.matsmart.se/sites/se/files/styles/product_teaser_2x/public/products/bla_band_risotto_kantarell.jpg?itok=NclFAfVA 2x" alt="product" title="Parasta ennen: 15.10.2020" loading="lazy"></div><div class="product-item-price"><div property="offers" typeof="Offer" class="product-item-price-numbers product-item-price-numbers--FI"><meta property="availability" href="http://schema.org/InStock"><meta property="url" content="https://matsmart.fiundefined"><meta property="priceCurrency" content="EUR"><span property="price" content="1.99" class="product-price-title">1,99</span><span class="product-price-title medium">€</span></div></div></div><div class="product-grid-item-container product-grid-item-label-header"><span class="label">Kantarellirisotto</span><span class="brand-and-weight">Blå Band | 170g</span></div></a></div><div class="actions-container"><div class="favorite-button"><button class="create-favorite-button">Tallenna</button></div><div class="savings-container"><div class="saved-amount"><span>Säästät </span><span>0,66&nbsp;€</span></div><div class="savings-info"><span class="savings-percentage">-25%</span><p class="product-item-old-price"><span class="product-item-old-price line-through">2,65&nbsp;€/kpl</span></p></div></div><div class="buy-box-container"><div class="buy-box"><button class="buy-button"><span class="buy-button-label">Osta</span><svg class="buy-button-checkmark" x="0px" y="0px" width="32px" height="32px" viewBox="0 0 32 32"><path class="buy-button-checkmark-path" stroke-dasharray="19.79 19.79" stroke-dashoffset="19.79" fill="none" stroke="#FFFFFF" stroke-width="2" stroke-linecap="square" stroke-miterlimit="10" d="M9,17l3.9,3.9c0.1,0.1,0.2,0.1,0.3,0L23,11"></path></svg></button></div></div></div></li><li class="product-item product-grid-item product-item--grid2 product-item--FI"><div><a class="product-item-link" href="https://www.matsmart.fi/pikakahvi-almond-latte"><div class="product-grid-item-container"><div class="product-grid-item-image-col"><img src="./tea_files/nes_pikakahvi_almond_latte_96g.jpg" srcset="https://cdn2.matsmart.se/sites/se/files/styles/product_teaser/public/products/nes_pikakahvi_almond_latte_96g.jpg?itok=9ZpIzYi_, https://cdn2.matsmart.se/sites/se/files/styles/product_teaser_2x/public/products/nes_pikakahvi_almond_latte_96g.jpg?itok=znU4ZpSr 2x" alt="product" title="Parasta ennen: 30.12.2020" loading="lazy"></div><div class="product-item-price"><div property="offers" typeof="Offer" class="product-item-multi-price-wrapper"><meta property="availability" href="http://schema.org/InStock"><meta property="url" content="https://matsmart.fiundefined"><span class="product-item-multi-price-label">2kpl</span><div class="product-item-price-numbers product-item-price-numbers--multi-price product-item-price-numbers--FI"><span property="price" content="4" class="product-price-title">4</span><meta property="priceCurrency" content="EUR"><span class="product-price-title medium">€</span></div><span content="2.19" class="product-item-multi-price-single-price">2,19&nbsp;€/kpl</span></div></div></div><div class="product-grid-item-container product-grid-item-label-header"><span class="label">Pikakahvi Almond Latte</span><span class="brand-and-weight">Nescafé. | 6 x 16 g</span></div></a></div><div class="actions-container"><div class="favorite-button"><button class="create-favorite-button">Tallenna</button></div><div class="savings-container"><div class="saved-amount"><span>Säästät </span><span>2,18&nbsp;€/2 kpl</span></div><div class="savings-info"><span class="savings-percentage">-35%</span><p class="product-item-old-price"><span class="product-item-old-price line-through">3,09&nbsp;€/kpl</span></p></div></div><div class="buy-box-container"><div class="buy-box"><button class="buy-button"><span class="buy-button-label">Osta</span><svg class="buy-button-checkmark" x="0px" y="0px" width="32px" height="32px" viewBox="0 0 32 32"><path class="buy-button-checkmark-path" stroke-dasharray="19.79 19.79" stroke-dashoffset="19.79" fill="none" stroke="#FFFFFF" stroke-width="2" stroke-linecap="square" stroke-miterlimit="10" d="M9,17l3.9,3.9c0.1,0.1,0.2,0.1,0.3,0L23,11"></path></svg></button></div></div></div></li><li class="product-item product-grid-item product-item--grid2 product-item--FI"><div><a class="product-item-link" href="https://www.matsmart.fi/"><div class="product-grid-item-container"><div class="product-grid-item-image-col"><img src="./tea_files/tummasuklaapanda.jpg" srcset="https://cdn4.matsmart.se/sites/se/files/styles/product_teaser/public/products/tummasuklaapanda.jpg?itok=FS43PQet, https://cdn4.matsmart.se/sites/se/files/styles/product_teaser_2x/public/products/tummasuklaapanda.jpg?itok=lqjEqhDD 2x" alt="product" title="Parasta ennen: 16.12.2020" loading="lazy"></div><div class="product-item-price"><div property="offers" typeof="Offer" class="product-item-multi-price-wrapper"><meta property="availability" href="http://schema.org/InStock"><meta property="url" content="https://matsmart.fiundefined"><span class="product-item-multi-price-label">4kpl</span><div class="product-item-price-numbers product-item-price-numbers--multi-price product-item-price-numbers--FI"><span property="price" content="5" class="product-price-title">5</span><meta property="priceCurrency" content="EUR"><span class="product-price-title medium">€</span></div><span content="1.29" class="product-item-multi-price-single-price">1,29&nbsp;€/kpl</span></div></div></div><div class="product-grid-item-container product-grid-item-label-header"><span class="label">Panda tumma Suklaa</span><span class="brand-and-weight">Panda | 145g</span></div></a></div><div class="actions-container"><div class="favorite-button"><button class="create-favorite-button">Tallenna</button></div><div class="savings-container"><div class="saved-amount"><span>Säästät </span><span>1,60&nbsp;€/4 kpl</span></div><div class="savings-info"><span class="savings-percentage">-24%</span><p class="product-item-old-price"><span class="product-item-old-price line-through">1,65&nbsp;€/kpl</span></p></div></div><div class="buy-box-container"><div class="buy-box"><button class="buy-button"><span class="buy-button-label">Osta</span><svg class="buy-button-checkmark" x="0px" y="0px" width="32px" height="32px" viewBox="0 0 32 32"><path class="buy-button-checkmark-path" stroke-dasharray="19.79 19.79" stroke-dashoffset="19.79" fill="none" stroke="#FFFFFF" stroke-width="2" stroke-linecap="square" stroke-miterlimit="10" d="M9,17l3.9,3.9c0.1,0.1,0.2,0.1,0.3,0L23,11"></path></svg></button></div></div></div></li><li class="product-item product-grid-item product-item--grid2 product-item--FI"><div><a class="product-item-link" href="https://www.matsmart.fi/"><div class="product-grid-item-container"><div class="product-grid-item-image-col"><img src="./tea_files/valkosuklaa_0.jpg" srcset="https://cdn3.matsmart.se/sites/se/files/styles/product_teaser/public/products/valkosuklaa_0.jpg?itok=iWWtnpgc, https://cdn3.matsmart.se/sites/se/files/styles/product_teaser_2x/public/products/valkosuklaa_0.jpg?itok=-XNna81t 2x" alt="product" title="Parasta ennen: 11.12.2020" loading="lazy"></div><div class="product-item-price"><div property="offers" typeof="Offer" class="product-item-multi-price-wrapper"><meta property="availability" href="http://schema.org/InStock"><meta property="url" content="https://matsmart.fiundefined"><span class="product-item-multi-price-label">4kpl</span><div class="product-item-price-numbers product-item-price-numbers--multi-price product-item-price-numbers--FI"><span property="price" content="5" class="product-price-title">5</span><meta property="priceCurrency" content="EUR"><span class="product-price-title medium">€</span></div><span content="1.29" class="product-item-multi-price-single-price">1,29&nbsp;€/kpl</span></div></div></div><div class="product-grid-item-container product-grid-item-label-header"><span class="label">Panda Valkosuklaa</span><span class="brand-and-weight">Panda | 145g</span></div></a></div><div class="actions-container"><div class="favorite-button"><button class="create-favorite-button">Tallenna</button></div><div class="savings-container"><div class="saved-amount"><span>Säästät </span><span>1,60&nbsp;€/4 kpl</span></div><div class="savings-info"><span class="savings-percentage">-24%</span><p class="product-item-old-price"><span class="product-item-old-price line-through">1,65&nbsp;€/kpl</span></p></div></div><div class="buy-box-container"><div class="buy-box"><button class="buy-button"><span class="buy-button-label">Osta</span><svg class="buy-button-checkmark" x="0px" y="0px" width="32px" height="32px" viewBox="0 0 32 32"><path class="buy-button-checkmark-path" stroke-dasharray="19.79 19.79" stroke-dashoffset="19.79" fill="none" stroke="#FFFFFF" stroke-width="2" stroke-linecap="square" stroke-miterlimit="10" d="M9,17l3.9,3.9c0.1,0.1,0.2,0.1,0.3,0L23,11"></path></svg></button></div></div></div></li><li class="product-item product-grid-item product-item--grid2 product-item--FI"><div><a class="product-item-link" href="https://www.matsmart.fi/"><div class="product-grid-item-container"><div class="product-grid-item-image-col"><img src="./tea_files/pandasuklaalevyt.jpg" srcset="https://cdn4.matsmart.se/sites/se/files/styles/product_teaser/public/products/pandasuklaalevyt.jpg?itok=WbfNhxwq, https://cdn4.matsmart.se/sites/se/files/styles/product_teaser_2x/public/products/pandasuklaalevyt.jpg?itok=S9Iz_4Mh 2x" alt="product" title="" loading="lazy"></div><div class="product-item-price"><div property="offers" typeof="Offer" class="product-item-price-numbers product-item-price-numbers--FI"><meta property="availability" href="http://schema.org/InStock"><meta property="url" content="https://matsmart.fiundefined"><meta property="priceCurrency" content="EUR"><span property="price" content="6.99" class="product-price-title">6,99</span><span class="product-price-title medium">€</span></div></div></div><div class="product-grid-item-container product-grid-item-label-header"><span class="label">Panda Suklaalevyt 6kpl</span><span class="brand-and-weight">Panda | 6 x 145g</span></div></a></div><div class="actions-container"><div class="favorite-button"><button class="create-favorite-button">Tallenna</button></div><div class="savings-container"><div class="saved-amount"><span>Säästät </span><span>3,00&nbsp;€</span></div><div class="savings-info"><span class="savings-percentage">-30%</span><p class="product-item-old-price"><span class="product-item-old-price line-through">9,99&nbsp;€/kpl</span></p></div></div><div class="buy-box-container"><div class="buy-box"><button class="buy-button"><span class="buy-button-label">Osta</span><svg class="buy-button-checkmark" x="0px" y="0px" width="32px" height="32px" viewBox="0 0 32 32"><path class="buy-button-checkmark-path" stroke-dasharray="19.79 19.79" stroke-dashoffset="19.79" fill="none" stroke="#FFFFFF" stroke-width="2" stroke-linecap="square" stroke-miterlimit="10" d="M9,17l3.9,3.9c0.1,0.1,0.2,0.1,0.3,0L23,11"></path></svg></button></div></div></div></li><li class="product-item product-grid-item product-item--grid2 product-item--FI"><div><a class="product-item-link" href="https://www.matsmart.fi/"><div class="product-grid-item-container"><div class="product-grid-item-image-col"><img src="./tea_files/kryddblandning_22allround22_35g_caj_p.jpg" srcset="https://cdn2.matsmart.se/sites/se/files/styles/product_teaser/public/products/kryddblandning_22allround22_35g_caj_p.jpg?itok=aG6_M50A, https://cdn2.matsmart.se/sites/se/files/styles/product_teaser_2x/public/products/kryddblandning_22allround22_35g_caj_p.jpg?itok=goztnDg7 2x" alt="product" title="Parasta ennen: 02.05.2021" loading="lazy"></div><div class="product-item-price"><div property="offers" typeof="Offer" class="product-item-multi-price-wrapper"><meta property="availability" href="http://schema.org/InStock"><meta property="url" content="https://matsmart.fiundefined"><span class="product-item-multi-price-label">4kpl</span><div class="product-item-price-numbers product-item-price-numbers--multi-price product-item-price-numbers--FI"><span property="price" content="2" class="product-price-title">2</span><meta property="priceCurrency" content="EUR"><span class="product-price-title medium">€</span></div><span content="0.69" class="product-item-multi-price-single-price">0,69&nbsp;€/kpl</span></div></div></div><div class="product-grid-item-container product-grid-item-label-header"><span class="label">Mausteseos Allround</span><span class="brand-and-weight">Caj P | 35g</span></div></a></div><div class="actions-container"><div class="favorite-button"><button class="create-favorite-button">Tallenna</button></div><div class="savings-container"><div class="saved-amount"><span>Säästät </span><span>1,96&nbsp;€/4 kpl</span></div><div class="savings-info"><span class="savings-percentage">-49%</span><p class="product-item-old-price"><span class="product-item-old-price line-through">0,99&nbsp;€/kpl</span></p></div></div><div class="buy-box-container"><div class="buy-box"><button class="buy-button"><span class="buy-button-label">Osta</span><svg class="buy-button-checkmark" x="0px" y="0px" width="32px" height="32px" viewBox="0 0 32 32"><path class="buy-button-checkmark-path" stroke-dasharray="19.79 19.79" stroke-dashoffset="19.79" fill="none" stroke="#FFFFFF" stroke-width="2" stroke-linecap="square" stroke-miterlimit="10" d="M9,17l3.9,3.9c0.1,0.1,0.2,0.1,0.3,0L23,11"></path></svg></button></div></div></div></li><li class="product-item product-grid-item product-item--grid2 product-item--FI"><div><a class="product-item-link" href="https://www.matsmart.fi/"><div class="product-grid-item-container"><div class="product-grid-item-image-col"><img src="./tea_files/org_itsenouseva_jauheseos_gluteeniton_500.jpg" srcset="https://cdn3.matsmart.se/sites/se/files/styles/product_teaser/public/products/org_itsenouseva_jauheseos_gluteeniton_500.jpg?itok=pc-rdXxk, https://cdn3.matsmart.se/sites/se/files/styles/product_teaser_2x/public/products/org_itsenouseva_jauheseos_gluteeniton_500.jpg?itok=HPj2Jo5V 2x" alt="product" title="Parasta ennen: 06.02.2021" loading="lazy"></div><div class="product-item-price"><div property="offers" typeof="Offer" class="product-item-price-numbers product-item-price-numbers--FI"><meta property="availability" href="http://schema.org/InStock"><meta property="url" content="https://matsmart.fiundefined"><meta property="priceCurrency" content="EUR"><span property="price" content="3.49" class="product-price-title">3,49</span><span class="product-price-title medium">€</span></div></div></div><div class="product-grid-item-container product-grid-item-label-header"><span class="label">Jauheseos Gluteeniton</span><span class="brand-and-weight">Orgran | 500g</span></div></a></div><div class="actions-container"><div class="favorite-button"><button class="create-favorite-button">Tallenna</button></div><div class="savings-container"><div class="saved-amount"><span>Säästät </span><span>1,26&nbsp;€</span></div><div class="savings-info"><span class="savings-percentage">-27%</span><p class="product-item-old-price"><span class="product-item-old-price line-through">4,75&nbsp;€/kpl</span></p></div></div><div class="buy-box-container"><div class="buy-box"><button class="buy-button"><span class="buy-button-label">Osta</span><svg class="buy-button-checkmark" x="0px" y="0px" width="32px" height="32px" viewBox="0 0 32 32"><path class="buy-button-checkmark-path" stroke-dasharray="19.79 19.79" stroke-dashoffset="19.79" fill="none" stroke="#FFFFFF" stroke-width="2" stroke-linecap="square" stroke-miterlimit="10" d="M9,17l3.9,3.9c0.1,0.1,0.2,0.1,0.3,0L23,11"></path></svg></button></div></div></div></li><li class="product-item product-grid-item product-item--grid2 product-item--FI"><div><a class="product-item-link" href="https://www.matsmart.fi/"><div class="product-grid-item-container"><div class="product-grid-item-image-col"><img src="./tea_files/caj_korean_bbq_sauce_280ml_.jpg" srcset="https://cdn4.matsmart.se/sites/se/files/styles/product_teaser/public/products/caj_korean_bbq_sauce_280ml_.jpg?itok=ppcZ065W, https://cdn4.matsmart.se/sites/se/files/styles/product_teaser_2x/public/products/caj_korean_bbq_sauce_280ml_.jpg?itok=Ogx1BCHm 2x" alt="product" title="Parasta ennen: 09.03.2021" loading="lazy"></div><div class="product-item-price"><div property="offers" typeof="Offer" class="product-item-multi-price-wrapper"><meta property="availability" href="http://schema.org/InStock"><meta property="url" content="https://matsmart.fiundefined"><span class="product-item-multi-price-label">3kpl</span><div class="product-item-price-numbers product-item-price-numbers--multi-price product-item-price-numbers--FI"><span property="price" content="4" class="product-price-title">4</span><meta property="priceCurrency" content="EUR"><span class="product-price-title medium">€</span></div><span content="1.39" class="product-item-multi-price-single-price">1,39&nbsp;€/kpl</span></div></div></div><div class="product-grid-item-container product-grid-item-label-header"><span class="label">Korealainen BBQ-kastike</span><span class="brand-and-weight">Caj P | 280 ml</span></div></a></div><div class="actions-container"><div class="favorite-button"><button class="create-favorite-button">Tallenna</button></div><div class="savings-container"><div class="saved-amount"><span>Säästät </span><span>4,07&nbsp;€/3 kpl</span></div><div class="savings-info"><span class="savings-percentage">-50%</span><p class="product-item-old-price"><span class="product-item-old-price line-through">2,69&nbsp;€/kpl</span></p></div></div><div class="buy-box-container"><div class="buy-box"><button class="buy-button"><span class="buy-button-label">Osta</span><svg class="buy-button-checkmark" x="0px" y="0px" width="32px" height="32px" viewBox="0 0 32 32"><path class="buy-button-checkmark-path" stroke-dasharray="19.79 19.79" stroke-dashoffset="19.79" fill="none" stroke="#FFFFFF" stroke-width="2" stroke-linecap="square" stroke-miterlimit="10" d="M9,17l3.9,3.9c0.1,0.1,0.2,0.1,0.3,0L23,11"></path></svg></button></div></div></div></li><li class="product-item product-grid-item product-item--grid2 product-item--FI"><div><a class="product-item-link" href="https://www.matsmart.fi/"><div class="product-grid-item-container"><div class="product-grid-item-image-col"><img src="./tea_files/caj_sweet_heat_bbq_sauce_280ml.jpg" srcset="https://cdn2.matsmart.se/sites/se/files/styles/product_teaser/public/products/caj_sweet_heat_bbq_sauce_280ml.jpg?itok=ywL_rppE, https://cdn2.matsmart.se/sites/se/files/styles/product_teaser_2x/public/products/caj_sweet_heat_bbq_sauce_280ml.jpg?itok=YmEyw4lq 2x" alt="product" title="Parasta ennen: 24.02.2021" loading="lazy"></div><div class="product-item-price"><div property="offers" typeof="Offer" class="product-item-multi-price-wrapper"><meta property="availability" href="http://schema.org/InStock"><meta property="url" content="https://matsmart.fiundefined"><span class="product-item-multi-price-label">3kpl</span><div class="product-item-price-numbers product-item-price-numbers--multi-price product-item-price-numbers--FI"><span property="price" content="4" class="product-price-title">4</span><meta property="priceCurrency" content="EUR"><span class="product-price-title medium">€</span></div><span content="1.39" class="product-item-multi-price-single-price">1,39&nbsp;€/kpl</span></div></div></div><div class="product-grid-item-container product-grid-item-label-header"><span class="label">BBQ-kastike Sweet Heat</span><span class="brand-and-weight">Caj P | 280 ml</span></div></a></div><div class="actions-container"><div class="favorite-button"><button class="create-favorite-button">Tallenna</button></div><div class="savings-container"><div class="saved-amount"><span>Säästät </span><span>4,07&nbsp;€/3 kpl</span></div><div class="savings-info"><span class="savings-percentage">-50%</span><p class="product-item-old-price"><span class="product-item-old-price line-through">2,69&nbsp;€/kpl</span></p></div></div><div class="buy-box-container"><div class="buy-box"><button class="buy-button"><span class="buy-button-label">Osta</span><svg class="buy-button-checkmark" x="0px" y="0px" width="32px" height="32px" viewBox="0 0 32 32"><path class="buy-button-checkmark-path" stroke-dasharray="19.79 19.79" stroke-dashoffset="19.79" fill="none" stroke="#FFFFFF" stroke-width="2" stroke-linecap="square" stroke-miterlimit="10" d="M9,17l3.9,3.9c0.1,0.1,0.2,0.1,0.3,0L23,11"></path></svg></button></div></div></div></li><li class="product-item product-grid-item product-item--grid2 product-item--FI"><div><a class="product-item-link" href="https://www.matsmart.fi/"><div class="product-grid-item-container"><div class="product-grid-item-image-col"><img src="./tea_files/caj_classic_bbq_sauce_280ml.jpg" srcset="https://cdn1.matsmart.se/sites/se/files/styles/product_teaser/public/products/caj_classic_bbq_sauce_280ml.jpg?itok=dlaPxf_r, https://cdn1.matsmart.se/sites/se/files/styles/product_teaser_2x/public/products/caj_classic_bbq_sauce_280ml.jpg?itok=DheGTaa0 2x" alt="product" title="Parasta ennen: 17.02.2021" loading="lazy"></div><div class="product-item-price"><div property="offers" typeof="Offer" class="product-item-multi-price-wrapper"><meta property="availability" href="http://schema.org/InStock"><meta property="url" content="https://matsmart.fiundefined"><span class="product-item-multi-price-label">3kpl</span><div class="product-item-price-numbers product-item-price-numbers--multi-price product-item-price-numbers--FI"><span property="price" content="4" class="product-price-title">4</span><meta property="priceCurrency" content="EUR"><span class="product-price-title medium">€</span></div><span content="1.49" class="product-item-multi-price-single-price">1,49&nbsp;€/kpl</span></div></div></div><div class="product-grid-item-container product-grid-item-label-header"><span class="label">BBQ-kastike Classic</span><span class="brand-and-weight">Caj P | 280 ml</span></div></a></div><div class="actions-container"><div class="favorite-button"><button class="create-favorite-button">Tallenna</button></div><div class="savings-container"><div class="saved-amount"><span>Säästät </span><span>4,10&nbsp;€/3 kpl</span></div><div class="savings-info"><span class="savings-percentage">-51%</span><p class="product-item-old-price"><span class="product-item-old-price line-through">2,70&nbsp;€/kpl</span></p></div></div><div class="buy-box-container"><div class="buy-box"><button class="buy-button"><span class="buy-button-label">Osta</span><svg class="buy-button-checkmark" x="0px" y="0px" width="32px" height="32px" viewBox="0 0 32 32"><path class="buy-button-checkmark-path" stroke-dasharray="19.79 19.79" stroke-dashoffset="19.79" fill="none" stroke="#FFFFFF" stroke-width="2" stroke-linecap="square" stroke-miterlimit="10" d="M9,17l3.9,3.9c0.1,0.1,0.2,0.1,0.3,0L23,11"></path></svg></button></div></div></div></li><li class="product-item product-grid-item product-item--grid2 product-item--FI"><div><a class="product-item-link" href="https://www.matsmart.fi/"><div class="product-grid-item-container"><div class="product-grid-item-image-col"><img src="./tea_files/svarta_bonor_1_0.jpg" srcset="https://cdn2.matsmart.se/sites/se/files/styles/product_teaser/public/products/svarta_bonor_1_0.jpg?itok=WefgzE-x, https://cdn2.matsmart.se/sites/se/files/styles/product_teaser_2x/public/products/svarta_bonor_1_0.jpg?itok=4A2fDEBg 2x" alt="product" title="Parasta ennen: 31.12.2020" loading="lazy"><div class="eco-badge-icon">LUOMU</div></div><div class="product-item-price"><div property="offers" typeof="Offer" class="product-item-multi-price-wrapper"><meta property="availability" href="http://schema.org/InStock"><meta property="url" content="https://matsmart.fiundefined"><span class="product-item-multi-price-label">3kpl</span><div class="product-item-price-numbers product-item-price-numbers--multi-price product-item-price-numbers--FI"><span property="price" content="4" class="product-price-title">4</span><meta property="priceCurrency" content="EUR"><span class="product-price-title medium">€</span></div><span content="1.39" class="product-item-multi-price-single-price">1,39&nbsp;€/kpl</span></div></div></div><div class="product-grid-item-container product-grid-item-label-header"><span class="label">Luomu Mustapavut</span><span class="brand-and-weight">Bonduelle | 150g</span></div></a></div><div class="actions-container"><div class="favorite-button"><button class="create-favorite-button">Tallenna</button></div><div class="savings-container"><div class="saved-amount"><span>Säästät </span><span>1,97&nbsp;€/3 kpl</span></div><div class="savings-info"><span class="savings-percentage">-33%</span><p class="product-item-old-price"><span class="product-item-old-price line-through">1,99&nbsp;€/kpl</span></p></div></div><div class="buy-box-container"><div class="buy-box"><button class="buy-button"><span class="buy-button-label">Osta</span><svg class="buy-button-checkmark" x="0px" y="0px" width="32px" height="32px" viewBox="0 0 32 32"><path class="buy-button-checkmark-path" stroke-dasharray="19.79 19.79" stroke-dashoffset="19.79" fill="none" stroke="#FFFFFF" stroke-width="2" stroke-linecap="square" stroke-miterlimit="10" d="M9,17l3.9,3.9c0.1,0.1,0.2,0.1,0.3,0L23,11"></path></svg></button></div></div></div></li><li class="product-item product-grid-item product-item--grid2 product-item--FI"><div><a class="product-item-link" href="https://www.matsmart.fi/"><div class="product-grid-item-container"><div class="product-grid-item-image-col"><img src="./tea_files/bon_okologiske_bonner_og_gryn_150.jpg" srcset="https://cdn4.matsmart.se/sites/se/files/styles/product_teaser/public/products/bon_okologiske_bonner_og_gryn_150.jpg?itok=gJkkYz9_, https://cdn4.matsmart.se/sites/se/files/styles/product_teaser_2x/public/products/bon_okologiske_bonner_og_gryn_150.jpg?itok=eIGmZqzz 2x" alt="product" title="Parasta ennen: 31.12.2020" loading="lazy"><div class="eco-badge-icon">LUOMU</div></div><div class="product-item-price"><div property="offers" typeof="Offer" class="product-item-multi-price-wrapper"><meta property="availability" href="http://schema.org/InStock"><meta property="url" content="https://matsmart.fiundefined"><span class="product-item-multi-price-label">3kpl</span><div class="product-item-price-numbers product-item-price-numbers--multi-price product-item-price-numbers--FI"><span property="price" content="4" class="product-price-title">4</span><meta property="priceCurrency" content="EUR"><span class="product-price-title medium">€</span></div><span content="1.39" class="product-item-multi-price-single-price">1,39&nbsp;€/kpl</span></div></div></div><div class="product-grid-item-container product-grid-item-label-header"><span class="label">Luomu Pavut, Durumvehnä &amp; Kvinoa</span><span class="brand-and-weight">Bonduelle | 150g</span></div></a></div><div class="actions-container"><div class="favorite-button"><button class="create-favorite-button">Tallenna</button></div><div class="savings-container"><div class="saved-amount"><span>Säästät </span><span>1,97&nbsp;€/3 kpl</span></div><div class="savings-info"><span class="savings-percentage">-33%</span><p class="product-item-old-price"><span class="product-item-old-price line-through">1,99&nbsp;€/kpl</span></p></div></div><div class="buy-box-container"><div class="buy-box"><button class="buy-button"><span class="buy-button-label">Osta</span><svg class="buy-button-checkmark" x="0px" y="0px" width="32px" height="32px" viewBox="0 0 32 32"><path class="buy-button-checkmark-path" stroke-dasharray="19.79 19.79" stroke-dashoffset="19.79" fill="none" stroke="#FFFFFF" stroke-width="2" stroke-linecap="square" stroke-miterlimit="10" d="M9,17l3.9,3.9c0.1,0.1,0.2,0.1,0.3,0L23,11"></path></svg></button></div></div></div></li><li class="product-item product-grid-item product-item--grid2 product-item--FI"><div><a class="product-item-link" href="https://www.matsmart.fi/"><div class="product-grid-item-container"><div class="product-grid-item-image-col"><img src="./tea_files/linser_1_2.jpg" srcset="https://cdn4.matsmart.se/sites/se/files/styles/product_teaser/public/products/linser_1_2.jpg?itok=zhZFXPXz, https://cdn4.matsmart.se/sites/se/files/styles/product_teaser_2x/public/products/linser_1_2.jpg?itok=sT9fQ8Y1 2x" alt="product" title="Parasta ennen: 30.11.2020" loading="lazy"><div class="eco-badge-icon">LUOMU</div></div><div class="product-item-price"><div property="offers" typeof="Offer" class="product-item-multi-price-wrapper"><meta property="availability" href="http://schema.org/InStock"><meta property="url" content="https://matsmart.fiundefined"><span class="product-item-multi-price-label">3kpl</span><div class="product-item-price-numbers product-item-price-numbers--multi-price product-item-price-numbers--FI"><span property="price" content="4" class="product-price-title">4</span><meta property="priceCurrency" content="EUR"><span class="product-price-title medium">€</span></div><span content="1.39" class="product-item-multi-price-single-price">1,39&nbsp;€/kpl</span></div></div></div><div class="product-grid-item-container product-grid-item-label-header"><span class="label">Luomu Linssit</span><span class="brand-and-weight">Bonduelle | 150g</span></div></a></div><div class="actions-container"><div class="favorite-button"><button class="create-favorite-button">Tallenna</button></div><div class="savings-container"><div class="saved-amount"><span>Säästät </span><span>1,97&nbsp;€/3 kpl</span></div><div class="savings-info"><span class="savings-percentage">-33%</span><p class="product-item-old-price"><span class="product-item-old-price line-through">1,99&nbsp;€/kpl</span></p></div></div><div class="buy-box-container"><div class="buy-box"><button class="buy-button"><span class="buy-button-label">Osta</span><svg class="buy-button-checkmark" x="0px" y="0px" width="32px" height="32px" viewBox="0 0 32 32"><path class="buy-button-checkmark-path" stroke-dasharray="19.79 19.79" stroke-dashoffset="19.79" fill="none" stroke="#FFFFFF" stroke-width="2" stroke-linecap="square" stroke-miterlimit="10" d="M9,17l3.9,3.9c0.1,0.1,0.2,0.1,0.3,0L23,11"></path></svg></button></div></div></div></li><li class="product-item product-grid-item product-item--grid2 product-item--FI"><div><a class="product-item-link" href="https://www.matsmart.fi/"><div class="product-grid-item-container"><div class="product-grid-item-image-col"><img src="./tea_files/linser_1_0.jpg" srcset="https://cdn1.matsmart.se/sites/se/files/styles/product_teaser/public/products/linser_1_0.jpg?itok=H5NXREPf, https://cdn1.matsmart.se/sites/se/files/styles/product_teaser_2x/public/products/linser_1_0.jpg?itok=kb_ck7by 2x" alt="product" title="Parasta ennen: 31.12.2020" loading="lazy"><div class="eco-badge-icon">LUOMU</div></div><div class="product-item-price"><div property="offers" typeof="Offer" class="product-item-multi-price-wrapper"><meta property="availability" href="http://schema.org/InStock"><meta property="url" content="https://matsmart.fiundefined"><span class="product-item-multi-price-label">3kpl</span><div class="product-item-price-numbers product-item-price-numbers--multi-price product-item-price-numbers--FI"><span property="price" content="4" class="product-price-title">4</span><meta property="priceCurrency" content="EUR"><span class="product-price-title medium">€</span></div><span content="1.39" class="product-item-multi-price-single-price">1,39&nbsp;€/kpl</span></div></div></div><div class="product-grid-item-container product-grid-item-label-header"><span class="label">Luomu Linssit, Kamut Khorasan &amp; Villiriisi</span><span class="brand-and-weight">Bonduelle | 150g</span></div></a></div><div class="actions-container"><div class="favorite-button"><button class="create-favorite-button">Tallenna</button></div><div class="savings-container"><div class="saved-amount"><span>Säästät </span><span>1,97&nbsp;€/3 kpl</span></div><div class="savings-info"><span class="savings-percentage">-33%</span><p class="product-item-old-price"><span class="product-item-old-price line-through">1,99&nbsp;€/kpl</span></p></div></div><div class="buy-box-container"><div class="buy-box"><button class="buy-button"><span class="buy-button-label">Osta</span><svg class="buy-button-checkmark" x="0px" y="0px" width="32px" height="32px" viewBox="0 0 32 32"><path class="buy-button-checkmark-path" stroke-dasharray="19.79 19.79" stroke-dashoffset="19.79" fill="none" stroke="#FFFFFF" stroke-width="2" stroke-linecap="square" stroke-miterlimit="10" d="M9,17l3.9,3.9c0.1,0.1,0.2,0.1,0.3,0L23,11"></path></svg></button></div></div></div></li><li class="product-item product-grid-item product-item--grid2 product-item--FI"><div><a class="product-item-link" href="https://www.matsmart.fi/"><div class="product-grid-item-container"><div class="product-grid-item-image-col"><img src="./tea_files/kry_chilipulver_30_000_shu_80ml_front.jpg" srcset="https://cdn4.matsmart.se/sites/se/files/styles/product_teaser/public/products/kry_chilipulver_30_000_shu_80ml_front.jpg?itok=Cy5yPNMR, https://cdn4.matsmart.se/sites/se/files/styles/product_teaser_2x/public/products/kry_chilipulver_30_000_shu_80ml_front.jpg?itok=k3uJjGfF 2x" alt="product" title="Parasta ennen: 31.07.2022" loading="lazy"></div><div class="product-item-price"><div property="offers" typeof="Offer" class="product-item-multi-price-wrapper"><meta property="availability" href="http://schema.org/InStock"><meta property="url" content="https://matsmart.fiundefined"><span class="product-item-multi-price-label">3kpl</span><div class="product-item-price-numbers product-item-price-numbers--multi-price product-item-price-numbers--FI"><span property="price" content="2" class="product-price-title">2</span><meta property="priceCurrency" content="EUR"><span class="product-price-title medium">€</span></div><span content="1" class="product-item-multi-price-single-price">1&nbsp;€/kpl</span></div></div></div><div class="product-grid-item-container product-grid-item-label-header"><span class="label">Chilijauhe</span><span class="brand-and-weight">Kryddhuset | 25 g</span></div></a></div><div class="actions-container"><div class="favorite-button"><button class="create-favorite-button">Tallenna</button></div><div class="savings-container"><div class="saved-amount"><span>Säästät </span><span>2,50&nbsp;€/3 kpl</span></div><div class="savings-info"><span class="savings-percentage">-56%</span><p class="product-item-old-price"><span class="product-item-old-price line-through">1,50&nbsp;€/kpl</span></p></div></div><div class="buy-box-container"><div class="buy-box"><button class="buy-button"><span class="buy-button-label">Osta</span><svg class="buy-button-checkmark" x="0px" y="0px" width="32px" height="32px" viewBox="0 0 32 32"><path class="buy-button-checkmark-path" stroke-dasharray="19.79 19.79" stroke-dashoffset="19.79" fill="none" stroke="#FFFFFF" stroke-width="2" stroke-linecap="square" stroke-miterlimit="10" d="M9,17l3.9,3.9c0.1,0.1,0.2,0.1,0.3,0L23,11"></path></svg></button></div></div></div></li><li class="product-item product-grid-item product-item--grid2 product-item--FI"><div><a class="product-item-link" href="https://www.matsmart.fi/"><div class="product-grid-item-container"><div class="product-grid-item-image-col"><img src="./tea_files/kry_koriander_finmald_80ml_front.jpg" srcset="https://cdn1.matsmart.se/sites/se/files/styles/product_teaser/public/products/kry_koriander_finmald_80ml_front.jpg?itok=uhnqUoWd, https://cdn1.matsmart.se/sites/se/files/styles/product_teaser_2x/public/products/kry_koriander_finmald_80ml_front.jpg?itok=zL08Qla5 2x" alt="product" title="Parasta ennen: 30.07.2022" loading="lazy"></div><div class="product-item-price"><div property="offers" typeof="Offer" class="product-item-multi-price-wrapper"><meta property="availability" href="http://schema.org/InStock"><meta property="url" content="https://matsmart.fiundefined"><span class="product-item-multi-price-label">3kpl</span><div class="product-item-price-numbers product-item-price-numbers--multi-price product-item-price-numbers--FI"><span property="price" content="2" class="product-price-title">2</span><meta property="priceCurrency" content="EUR"><span class="product-price-title medium">€</span></div><span content="1" class="product-item-multi-price-single-price">1&nbsp;€/kpl</span></div></div></div><div class="product-grid-item-container product-grid-item-label-header"><span class="label">Korianteri</span><span class="brand-and-weight">Kryddhuset | 23 g</span></div></a></div><div class="actions-container"><div class="favorite-button"><button class="create-favorite-button">Tallenna</button></div><div class="savings-container"><div class="saved-amount"><span>Säästät </span><span>2,50&nbsp;€/3 kpl</span></div><div class="savings-info"><span class="savings-percentage">-56%</span><p class="product-item-old-price"><span class="product-item-old-price line-through">1,50&nbsp;€/kpl</span></p></div></div><div class="buy-box-container"><div class="buy-box"><button class="buy-button"><span class="buy-button-label">Osta</span><svg class="buy-button-checkmark" x="0px" y="0px" width="32px" height="32px" viewBox="0 0 32 32"><path class="buy-button-checkmark-path" stroke-dasharray="19.79 19.79" stroke-dashoffset="19.79" fill="none" stroke="#FFFFFF" stroke-width="2" stroke-linecap="square" stroke-miterlimit="10" d="M9,17l3.9,3.9c0.1,0.1,0.2,0.1,0.3,0L23,11"></path></svg></button></div></div></div></li><li class="product-item product-grid-item product-item--grid2 product-item--FI"><div><a class="product-item-link" href="https://www.matsmart.fi/"><div class="product-grid-item-container"><div class="product-grid-item-image-col"><img src="./tea_files/beasas_knorr.jpg" srcset="https://cdn4.matsmart.se/sites/se/files/styles/product_teaser/public/products/beasas_knorr.jpg?itok=eAQIC5bm, https://cdn4.matsmart.se/sites/se/files/styles/product_teaser_2x/public/products/beasas_knorr.jpg?itok=i3PUGWSz 2x" alt="product" title="Parasta ennen: 04.11.2020" loading="lazy"></div><div class="product-item-price"><div property="offers" typeof="Offer" class="product-item-price-numbers product-item-price-numbers--FI"><meta property="availability" href="http://schema.org/InStock"><meta property="url" content="https://matsmart.fiundefined"><meta property="priceCurrency" content="EUR"><span property="price" content="1.49" class="product-price-title">1,49</span><span class="product-price-title medium">€</span></div></div></div><div class="product-grid-item-container product-grid-item-label-header"><span class="label">Bearnaisekastike</span><span class="brand-and-weight">Knorr | 300ml</span></div></a></div><div class="actions-container"><div class="favorite-button"><button class="create-favorite-button">Tallenna</button></div><div class="savings-container"><div class="saved-amount"><span>Säästät </span><span>0,50&nbsp;€</span></div><div class="savings-info"><span class="savings-percentage">-25%</span><p class="product-item-old-price"><span class="product-item-old-price line-through">1,99&nbsp;€/kpl</span></p></div></div><div class="buy-box-container"><div class="buy-box"><button class="buy-button"><span class="buy-button-label">Osta</span><svg class="buy-button-checkmark" x="0px" y="0px" width="32px" height="32px" viewBox="0 0 32 32"><path class="buy-button-checkmark-path" stroke-dasharray="19.79 19.79" stroke-dashoffset="19.79" fill="none" stroke="#FFFFFF" stroke-width="2" stroke-linecap="square" stroke-miterlimit="10" d="M9,17l3.9,3.9c0.1,0.1,0.2,0.1,0.3,0L23,11"></path></svg></button></div></div></div></li><li class="product-item product-grid-item product-item--grid2 product-item--FI"><div><a class="product-item-link" href="https://www.matsmart.fi/"><div class="product-grid-item-container"><div class="product-grid-item-image-col"><img src="./tea_files/go_green_linfro.jpg" srcset="https://cdn4.matsmart.se/sites/se/files/styles/product_teaser/public/products/go_green_linfro.jpg?itok=LuQbdM2G, https://cdn4.matsmart.se/sites/se/files/styles/product_teaser_2x/public/products/go_green_linfro.jpg?itok=EV5NVWMW 2x" alt="product" title="Parasta ennen: 23.03.2022" loading="lazy"></div><div class="product-item-price"><div property="offers" typeof="Offer" class="product-item-multi-price-wrapper"><meta property="availability" href="http://schema.org/InStock"><meta property="url" content="https://matsmart.fiundefined"><span class="product-item-multi-price-label">2kpl</span><div class="product-item-price-numbers product-item-price-numbers--multi-price product-item-price-numbers--FI"><span property="price" content="2" class="product-price-title">2</span><meta property="priceCurrency" content="EUR"><span class="product-price-title medium">€</span></div><span content="1.19" class="product-item-multi-price-single-price">1,19&nbsp;€/kpl</span></div></div></div><div class="product-grid-item-container product-grid-item-label-header"><span class="label">Pellavansiemenet </span><span class="brand-and-weight">GoGreen | 400 g</span></div></a></div><div class="actions-container"><div class="favorite-button"><button class="create-favorite-button">Tallenna</button></div><div class="savings-container"><div class="saved-amount"><span>Säästät </span><span>0,70&nbsp;€/2 kpl</span></div><div class="savings-info"><span class="savings-percentage">-26%</span><p class="product-item-old-price"><span class="product-item-old-price line-through">1,35&nbsp;€/kpl</span></p></div></div><div class="buy-box-container"><div class="buy-box"><button class="buy-button"><span class="buy-button-label">Osta</span><svg class="buy-button-checkmark" x="0px" y="0px" width="32px" height="32px" viewBox="0 0 32 32"><path class="buy-button-checkmark-path" stroke-dasharray="19.79 19.79" stroke-dashoffset="19.79" fill="none" stroke="#FFFFFF" stroke-width="2" stroke-linecap="square" stroke-miterlimit="10" d="M9,17l3.9,3.9c0.1,0.1,0.2,0.1,0.3,0L23,11"></path></svg></button></div></div></div></li><li class="product-item product-grid-item product-item--grid2 product-item--FI"><div><a class="product-item-link" href="https://www.matsmart.fi/"><div class="product-grid-item-container"><div class="product-grid-item-image-col"><img src="./tea_files/beefnudlar.jpg" srcset="https://cdn2.matsmart.se/sites/se/files/styles/product_teaser/public/products/beefnudlar.jpg?itok=bOImkyO6, https://cdn2.matsmart.se/sites/se/files/styles/product_teaser_2x/public/products/beefnudlar.jpg?itok=DTSJDeoI 2x" alt="product" title="Parasta ennen: 19.12.2020" loading="lazy"></div><div class="product-item-price"><div property="offers" typeof="Offer" class="product-item-multi-price-wrapper"><meta property="availability" href="http://schema.org/InStock"><meta property="url" content="https://matsmart.fiundefined"><span class="product-item-multi-price-label">4kpl</span><div class="product-item-price-numbers product-item-price-numbers--multi-price product-item-price-numbers--FI"><span property="price" content="2" class="product-price-title">2</span><meta property="priceCurrency" content="EUR"><span class="product-price-title medium">€</span></div><span content="0.59" class="product-item-multi-price-single-price">0,59&nbsp;€/kpl</span></div></div></div><div class="product-grid-item-container product-grid-item-label-header"><span class="label">Nuudelit Beef &amp; Black Pepper</span><span class="brand-and-weight">Blue Dragon | 85 g</span></div></a></div><div class="actions-container"><div class="favorite-button"><button class="create-favorite-button">Tallenna</button></div><div class="savings-container"><div class="saved-amount"><span>Säästät </span><span>0,76&nbsp;€/4 kpl</span></div><div class="savings-info"><span class="savings-percentage">-28%</span><p class="product-item-old-price"><span class="product-item-old-price line-through">0,69&nbsp;€/kpl</span></p></div></div><div class="buy-box-container"><div class="buy-box"><button class="buy-button"><span class="buy-button-label">Osta</span><svg class="buy-button-checkmark" x="0px" y="0px" width="32px" height="32px" viewBox="0 0 32 32"><path class="buy-button-checkmark-path" stroke-dasharray="19.79 19.79" stroke-dashoffset="19.79" fill="none" stroke="#FFFFFF" stroke-width="2" stroke-linecap="square" stroke-miterlimit="10" d="M9,17l3.9,3.9c0.1,0.1,0.2,0.1,0.3,0L23,11"></path></svg></button></div></div></div></li><li class="product-item product-grid-item product-item--grid2 product-item--FI"><div><a class="product-item-link" href="https://www.matsmart.fi/"><div class="product-grid-item-container"><div class="product-grid-item-image-col"><img src="./tea_files/caj_p_rub_pepper.jpg" srcset="https://cdn4.matsmart.se/sites/se/files/styles/product_teaser/public/products/caj_p_rub_pepper.jpg?itok=6L7YPJ1N, https://cdn4.matsmart.se/sites/se/files/styles/product_teaser_2x/public/products/caj_p_rub_pepper.jpg?itok=E323oH6m 2x" alt="product" title="Parasta ennen: 21.01.2021" loading="lazy"></div><div class="product-item-price"><div property="offers" typeof="Offer" class="product-item-multi-price-wrapper"><meta property="availability" href="http://schema.org/InStock"><meta property="url" content="https://matsmart.fiundefined"><span class="product-item-multi-price-label">4kpl</span><div class="product-item-price-numbers product-item-price-numbers--multi-price product-item-price-numbers--FI"><span property="price" content="2" class="product-price-title">2</span><meta property="priceCurrency" content="EUR"><span class="product-price-title medium">€</span></div><span content="0.69" class="product-item-multi-price-single-price">0,69&nbsp;€/kpl</span></div></div></div><div class="product-grid-item-container product-grid-item-label-header"><span class="label">Mausteseos Rub Pepper</span><span class="brand-and-weight">Caj P | 35 g</span></div></a></div><div class="actions-container"><div class="favorite-button"><button class="create-favorite-button">Tallenna</button></div><div class="savings-container"><div class="saved-amount"><span>Säästät </span><span>1,96&nbsp;€/4 kpl</span></div><div class="savings-info"><span class="savings-percentage">-49%</span><p class="product-item-old-price"><span class="product-item-old-price line-through">0,99&nbsp;€/kpl</span></p></div></div><div class="buy-box-container"><div class="buy-box"><button class="buy-button"><span class="buy-button-label">Osta</span><svg class="buy-button-checkmark" x="0px" y="0px" width="32px" height="32px" viewBox="0 0 32 32"><path class="buy-button-checkmark-path" stroke-dasharray="19.79 19.79" stroke-dashoffset="19.79" fill="none" stroke="#FFFFFF" stroke-width="2" stroke-linecap="square" stroke-miterlimit="10" d="M9,17l3.9,3.9c0.1,0.1,0.2,0.1,0.3,0L23,11"></path></svg></button></div></div></div></li><li class="product-item product-grid-item product-item--grid2 product-item--FI"><div><a class="product-item-link" href="https://www.matsmart.fi/kahvipavut-forza"><div class="product-grid-item-container"><div class="product-grid-item-image-col"><img src="./tea_files/kaffe_forza_0.jpg" srcset="https://cdn4.matsmart.se/sites/se/files/styles/product_teaser/public/products/kaffe_forza_0.jpg?itok=c16qpLaH, https://cdn4.matsmart.se/sites/se/files/styles/product_teaser_2x/public/products/kaffe_forza_0.jpg?itok=kip-k8dJ 2x" alt="product" title="Parasta ennen: 30.12.2020" loading="lazy"></div><div class="product-item-price"><div property="offers" typeof="Offer" class="product-item-price-numbers product-item-price-numbers--FI"><meta property="availability" href="http://schema.org/InStock"><meta property="url" content="https://matsmart.fiundefined"><meta property="priceCurrency" content="EUR"><span property="price" content="4.99" class="product-price-title">4,99</span><span class="product-price-title medium">€</span></div></div></div><div class="product-grid-item-container product-grid-item-label-header"><span class="label">Kahvipavut Forza</span><span class="brand-and-weight">Zoegas | 450 g</span></div></a></div><div class="actions-container"><div class="favorite-button"><button class="create-favorite-button">Tallenna</button></div><div class="savings-container"><div class="saved-amount"><span>Säästät </span><span>1,80&nbsp;€</span></div><div class="savings-info"><span class="savings-percentage">-27%</span><p class="product-item-old-price"><span class="product-item-old-price line-through">6,79&nbsp;€/kpl</span></p></div></div><div class="buy-box-container"><div class="buy-box"><button class="buy-button"><span class="buy-button-label">Osta</span><svg class="buy-button-checkmark" x="0px" y="0px" width="32px" height="32px" viewBox="0 0 32 32"><path class="buy-button-checkmark-path" stroke-dasharray="19.79 19.79" stroke-dashoffset="19.79" fill="none" stroke="#FFFFFF" stroke-width="2" stroke-linecap="square" stroke-miterlimit="10" d="M9,17l3.9,3.9c0.1,0.1,0.2,0.1,0.3,0L23,11"></path></svg></button></div></div></div></li><li class="product-item product-grid-item product-item--grid2 product-item--FI"><div><a class="product-item-link" href="https://www.matsmart.fi/kahvipavut-skanerost"><div class="product-grid-item-container"><div class="product-grid-item-image-col"><img src="./tea_files/zoegas_skanerost_0.jpg" srcset="https://cdn4.matsmart.se/sites/se/files/styles/product_teaser/public/products/zoegas_skanerost_0.jpg?itok=2HKd3sVH, https://cdn4.matsmart.se/sites/se/files/styles/product_teaser_2x/public/products/zoegas_skanerost_0.jpg?itok=Xlke7ls- 2x" alt="product" title="Parasta ennen: 30.12.2020" loading="lazy"></div><div class="product-item-price"><div property="offers" typeof="Offer" class="product-item-price-numbers product-item-price-numbers--FI"><meta property="availability" href="http://schema.org/InStock"><meta property="url" content="https://matsmart.fiundefined"><meta property="priceCurrency" content="EUR"><span property="price" content="4.49" class="product-price-title">4,49</span><span class="product-price-title medium">€</span></div></div></div><div class="product-grid-item-container product-grid-item-label-header"><span class="label">Kahvipavut Skånerost</span><span class="brand-and-weight">Zoegas | 450 g</span></div></a></div><div class="actions-container"><div class="favorite-button"><button class="create-favorite-button">Tallenna</button></div><div class="savings-container"><div class="saved-amount"><span>Säästät </span><span>1,60&nbsp;€</span></div><div class="savings-info"><span class="savings-percentage">-26%</span><p class="product-item-old-price"><span class="product-item-old-price line-through">6,09&nbsp;€/kpl</span></p></div></div><div class="buy-box-container"><div class="buy-box"><button class="buy-button"><span class="buy-button-label">Osta</span><svg class="buy-button-checkmark" x="0px" y="0px" width="32px" height="32px" viewBox="0 0 32 32"><path class="buy-button-checkmark-path" stroke-dasharray="19.79 19.79" stroke-dashoffset="19.79" fill="none" stroke="#FFFFFF" stroke-width="2" stroke-linecap="square" stroke-miterlimit="10" d="M9,17l3.9,3.9c0.1,0.1,0.2,0.1,0.3,0L23,11"></path></svg></button></div></div></div></li><li class="product-item product-grid-item product-item--grid2 product-item--FI"><div><a class="product-item-link" href="https://www.matsmart.fi/kahvipavut-mezzo"><div class="product-grid-item-container"><div class="product-grid-item-image-col"><img src="./tea_files/zoegas_mezzo.jpg" srcset="https://cdn4.matsmart.se/sites/se/files/styles/product_teaser/public/products/zoegas_mezzo.jpg?itok=PDVR3PTP, https://cdn4.matsmart.se/sites/se/files/styles/product_teaser_2x/public/products/zoegas_mezzo.jpg?itok=Odlaj_dq 2x" alt="product" title="Parasta ennen: 30.12.2020" loading="lazy"></div><div class="product-item-price"><div property="offers" typeof="Offer" class="product-item-price-numbers product-item-price-numbers--FI"><meta property="availability" href="http://schema.org/InStock"><meta property="url" content="https://matsmart.fiundefined"><meta property="priceCurrency" content="EUR"><span property="price" content="4.99" class="product-price-title">4,99</span><span class="product-price-title medium">€</span></div></div></div><div class="product-grid-item-container product-grid-item-label-header"><span class="label">Kahvipavut Mezzo</span><span class="brand-and-weight">Zoegas | 450g</span></div></a></div><div class="actions-container"><div class="favorite-button"><button class="create-favorite-button">Tallenna</button></div><div class="savings-container"><div class="saved-amount"><span>Säästät </span><span>1,60&nbsp;€</span></div><div class="savings-info"><span class="savings-percentage">-24%</span><p class="product-item-old-price"><span class="product-item-old-price line-through">6,59&nbsp;€/kpl</span></p></div></div><div class="buy-box-container"><div class="buy-box"><button class="buy-button"><span class="buy-button-label">Osta</span><svg class="buy-button-checkmark" x="0px" y="0px" width="32px" height="32px" viewBox="0 0 32 32"><path class="buy-button-checkmark-path" stroke-dasharray="19.79 19.79" stroke-dashoffset="19.79" fill="none" stroke="#FFFFFF" stroke-width="2" stroke-linecap="square" stroke-miterlimit="10" d="M9,17l3.9,3.9c0.1,0.1,0.2,0.1,0.3,0L23,11"></path></svg></button></div></div></div></li><li class="product-item product-grid-item product-item--grid2 product-item--FI"><div><a class="product-item-link" href="https://www.matsmart.fi/"><div class="product-grid-item-container"><div class="product-grid-item-image-col"><img src="./tea_files/_24-pack_rol_asia_curry-kana_nuudeli_65g.jpg" srcset="https://cdn2.matsmart.se/sites/se/files/styles/product_teaser/public/products/_24-pack_rol_asia_curry-kana_nuudeli_65g.jpg?itok=vIbjwfyp, https://cdn2.matsmart.se/sites/se/files/styles/product_teaser_2x/public/products/_24-pack_rol_asia_curry-kana_nuudeli_65g.jpg?itok=xFUKGjSH 2x" alt="product" title="Parasta ennen: 05.08.2021" loading="lazy"></div><div class="product-item-price"><div property="offers" typeof="Offer" class="product-item-price-numbers product-item-price-numbers--FI"><meta property="availability" href="http://schema.org/InStock"><meta property="url" content="https://matsmart.fiundefined"><meta property="priceCurrency" content="EUR"><span property="price" content="9.99" class="product-price-title">9,99</span><span class="product-price-title medium">€</span></div></div></div><div class="product-grid-item-container product-grid-item-label-header"><span class="label">Pikanuudelit Curry &amp; Kana 24kpl</span><span class="brand-and-weight">Rollton | 24 x 65g</span></div></a></div><div class="actions-container"><div class="favorite-button"><button class="create-favorite-button">Tallenna</button></div><div class="savings-container"><div class="saved-amount"><span>Säästät </span><span>4,41&nbsp;€</span></div><div class="savings-info"><span class="savings-percentage">-31%</span><p class="product-item-old-price"><span class="product-item-old-price line-through">14,40&nbsp;€/kpl</span></p></div></div><div class="buy-box-container"><div class="buy-box"><button class="buy-button"><span class="buy-button-label">Osta</span><svg class="buy-button-checkmark" x="0px" y="0px" width="32px" height="32px" viewBox="0 0 32 32"><path class="buy-button-checkmark-path" stroke-dasharray="19.79 19.79" stroke-dashoffset="19.79" fill="none" stroke="#FFFFFF" stroke-width="2" stroke-linecap="square" stroke-miterlimit="10" d="M9,17l3.9,3.9c0.1,0.1,0.2,0.1,0.3,0L23,11"></path></svg></button></div></div></div></li><li class="product-item product-grid-item product-item--grid2 product-item--FI"><div><a class="product-item-link" href="https://www.matsmart.fi/"><div class="product-grid-item-container"><div class="product-grid-item-image-col"><img src="./tea_files/partymix.jpg" srcset="https://cdn3.matsmart.se/sites/se/files/styles/product_teaser/public/products/partymix.jpg?itok=JyZ4LbX8, https://cdn3.matsmart.se/sites/se/files/styles/product_teaser_2x/public/products/partymix.jpg?itok=iTFeyBBX 2x" alt="product" title="Parasta ennen: 30.11.2020" loading="lazy"></div><div class="product-item-price"><div property="offers" typeof="Offer" class="product-item-multi-price-wrapper"><meta property="availability" href="http://schema.org/InStock"><meta property="url" content="https://matsmart.fiundefined"><span class="product-item-multi-price-label">3kpl</span><div class="product-item-price-numbers product-item-price-numbers--multi-price product-item-price-numbers--FI"><span property="price" content="2" class="product-price-title">2</span><meta property="priceCurrency" content="EUR"><span class="product-price-title medium">€</span></div><span content="0.79" class="product-item-multi-price-single-price">0,79&nbsp;€/kpl</span></div></div></div><div class="product-grid-item-container product-grid-item-label-header"><span class="label">Party Mix Strösselisekoitus</span><span class="brand-and-weight">Dr.Oetker | 50g</span></div></a></div><div class="actions-container"><div class="favorite-button"><button class="create-favorite-button">Tallenna</button></div><div class="savings-container"><div class="saved-amount"><span>Säästät </span><span>2,47&nbsp;€/3 kpl</span></div><div class="savings-info"><span class="savings-percentage">-55%</span><p class="product-item-old-price"><span class="product-item-old-price line-through">1,49&nbsp;€/kpl</span></p></div></div><div class="buy-box-container"><div class="buy-box"><button class="buy-button"><span class="buy-button-label">Osta</span><svg class="buy-button-checkmark" x="0px" y="0px" width="32px" height="32px" viewBox="0 0 32 32"><path class="buy-button-checkmark-path" stroke-dasharray="19.79 19.79" stroke-dashoffset="19.79" fill="none" stroke="#FFFFFF" stroke-width="2" stroke-linecap="square" stroke-miterlimit="10" d="M9,17l3.9,3.9c0.1,0.1,0.2,0.1,0.3,0L23,11"></path></svg></button></div></div></div></li><li class="product-item product-grid-item product-item--grid2 product-item--FI"><div><a class="product-item-link" href="https://www.matsmart.fi/"><div class="product-grid-item-container"><div class="product-grid-item-image-col"><img src="./tea_files/dr_oetker_kristyr_rod.jpg" srcset="https://cdn1.matsmart.se/sites/se/files/styles/product_teaser/public/products/dr_oetker_kristyr_rod.jpg?itok=rleLqX0v, https://cdn1.matsmart.se/sites/se/files/styles/product_teaser_2x/public/products/dr_oetker_kristyr_rod.jpg?itok=kKzPM3WL 2x" alt="product" title="Parasta ennen: 30.01.2021" loading="lazy"></div><div class="product-item-price"><div property="offers" typeof="Offer" class="product-item-multi-price-wrapper"><meta property="availability" href="http://schema.org/InStock"><meta property="url" content="https://matsmart.fiundefined"><span class="product-item-multi-price-label">3kpl</span><div class="product-item-price-numbers product-item-price-numbers--multi-price product-item-price-numbers--FI"><span property="price" content="2" class="product-price-title">2</span><meta property="priceCurrency" content="EUR"><span class="product-price-title medium">€</span></div><span content="0.8" class="product-item-multi-price-single-price">0,80&nbsp;€/kpl</span></div></div></div><div class="product-grid-item-container product-grid-item-label-header"><span class="label">Punainen Sokerikuorrute</span><span class="brand-and-weight">Dr. Oetker | 125 g</span></div></a></div><div class="actions-container"><div class="favorite-button"><button class="create-favorite-button">Tallenna</button></div><div class="savings-container"><div class="saved-amount"><span>Säästät </span><span>3,55&nbsp;€/3 kpl</span></div><div class="savings-info"><span class="savings-percentage">-64%</span><p class="product-item-old-price"><span class="product-item-old-price line-through">1,85&nbsp;€/kpl</span></p></div></div><div class="buy-box-container"><div class="buy-box"><button class="buy-button"><span class="buy-button-label">Osta</span><svg class="buy-button-checkmark" x="0px" y="0px" width="32px" height="32px" viewBox="0 0 32 32"><path class="buy-button-checkmark-path" stroke-dasharray="19.79 19.79" stroke-dashoffset="19.79" fill="none" stroke="#FFFFFF" stroke-width="2" stroke-linecap="square" stroke-miterlimit="10" d="M9,17l3.9,3.9c0.1,0.1,0.2,0.1,0.3,0L23,11"></path></svg></button></div></div></div></li><li class="product-item product-grid-item product-item--grid2 product-item--FI"><div><a class="product-item-link" href="https://www.matsmart.fi/"><div class="product-grid-item-container"><div class="product-grid-item-image-col"><img src="./tea_files/dr_icing_pink_125g_.jpg" srcset="https://cdn1.matsmart.se/sites/se/files/styles/product_teaser/public/products/dr_icing_pink_125g_.jpg?itok=MfQvniLM, https://cdn1.matsmart.se/sites/se/files/styles/product_teaser_2x/public/products/dr_icing_pink_125g_.jpg?itok=yA-LPK3G 2x" alt="product" title="Parasta ennen: 20.02.2021" loading="lazy"></div><div class="product-item-price"><div property="offers" typeof="Offer" class="product-item-multi-price-wrapper"><meta property="availability" href="http://schema.org/InStock"><meta property="url" content="https://matsmart.fiundefined"><span class="product-item-multi-price-label">3kpl</span><div class="product-item-price-numbers product-item-price-numbers--multi-price product-item-price-numbers--FI"><span property="price" content="2" class="product-price-title">2</span><meta property="priceCurrency" content="EUR"><span class="product-price-title medium">€</span></div><span content="0.8" class="product-item-multi-price-single-price">0,80&nbsp;€/kpl</span></div></div></div><div class="product-grid-item-container product-grid-item-label-header"><span class="label">Vaaleanpunainen Sokerikuorrute </span><span class="brand-and-weight">Dr.Oetker | 125 g</span></div></a></div><div class="actions-container"><div class="favorite-button"><button class="create-favorite-button">Tallenna</button></div><div class="savings-container"><div class="saved-amount"><span>Säästät </span><span>3,55&nbsp;€/3 kpl</span></div><div class="savings-info"><span class="savings-percentage">-64%</span><p class="product-item-old-price"><span class="product-item-old-price line-through">1,85&nbsp;€/kpl</span></p></div></div><div class="buy-box-container"><div class="buy-box"><button class="buy-button"><span class="buy-button-label">Osta</span><svg class="buy-button-checkmark" x="0px" y="0px" width="32px" height="32px" viewBox="0 0 32 32"><path class="buy-button-checkmark-path" stroke-dasharray="19.79 19.79" stroke-dashoffset="19.79" fill="none" stroke="#FFFFFF" stroke-width="2" stroke-linecap="square" stroke-miterlimit="10" d="M9,17l3.9,3.9c0.1,0.1,0.2,0.1,0.3,0L23,11"></path></svg></button></div></div></div></li><li class="product-item product-grid-item product-item--grid2 product-item--FI"><div><a class="product-item-link" href="https://www.matsmart.fi/"><div class="product-grid-item-container"><div class="product-grid-item-image-col"><img src="./tea_files/vegoballs_0.jpg" srcset="https://cdn4.matsmart.se/sites/se/files/styles/product_teaser/public/products/vegoballs_0.jpg?itok=ua7gg5vL, https://cdn4.matsmart.se/sites/se/files/styles/product_teaser_2x/public/products/vegoballs_0.jpg?itok=hJMft7O2 2x" alt="product" title="Parasta ennen: 31.12.2020" loading="lazy"></div><div class="product-item-price"><div property="offers" typeof="Offer" class="product-item-price-numbers product-item-price-numbers--FI"><meta property="availability" href="http://schema.org/InStock"><meta property="url" content="https://matsmart.fiundefined"><meta property="priceCurrency" content="EUR"><span property="price" content="2.69" class="product-price-title">2,69</span><span class="product-price-title medium">€</span></div></div></div><div class="product-grid-item-container product-grid-item-label-header"><span class="label">Kasvisateria Indian Lentil Stew</span><span class="brand-and-weight">Knorr | 390 g</span></div></a></div><div class="actions-container"><div class="favorite-button"><button class="create-favorite-button">Tallenna</button></div><div class="savings-container"><div class="saved-amount"><span>Säästät </span><span>1,56&nbsp;€</span></div><div class="savings-info"><span class="savings-percentage">-37%</span><p class="product-item-old-price"><span class="product-item-old-price line-through">4,25&nbsp;€/kpl</span></p></div></div><div class="buy-box-container"><div class="buy-box"><button class="buy-button"><span class="buy-button-label">Osta</span><svg class="buy-button-checkmark" x="0px" y="0px" width="32px" height="32px" viewBox="0 0 32 32"><path class="buy-button-checkmark-path" stroke-dasharray="19.79 19.79" stroke-dashoffset="19.79" fill="none" stroke="#FFFFFF" stroke-width="2" stroke-linecap="square" stroke-miterlimit="10" d="M9,17l3.9,3.9c0.1,0.1,0.2,0.1,0.3,0L23,11"></path></svg></button></div></div></div></li><li class="product-item product-grid-item product-item--grid2 product-item--FI"><div><a class="product-item-link" href="https://www.matsmart.fi/"><div class="product-grid-item-container"><div class="product-grid-item-image-col"><img src="./tea_files/out_tikka_masala_couscous_163g.jpg" srcset="https://cdn1.matsmart.se/sites/se/files/styles/product_teaser/public/products/out_tikka_masala_couscous_163g.jpg?itok=k4eX70sS, https://cdn1.matsmart.se/sites/se/files/styles/product_teaser_2x/public/products/out_tikka_masala_couscous_163g.jpg?itok=9GjTJ1PQ 2x" alt="product" title="Parasta ennen: 30.03.2022" loading="lazy"></div><div class="product-item-price"><div property="offers" typeof="Offer" class="product-item-price-numbers product-item-price-numbers--FI"><meta property="availability" href="http://schema.org/InStock"><meta property="url" content="https://matsmart.fiundefined"><meta property="priceCurrency" content="EUR"><span property="price" content="4.99" class="product-price-title">4,99</span><span class="product-price-title medium">€</span></div></div></div><div class="product-grid-item-container product-grid-item-label-header"><span class="label">Retkiruoka Tikka Masala Couscous</span><span class="brand-and-weight">Leader | 163g</span></div></a></div><div class="actions-container"><div class="favorite-button"><button class="create-favorite-button">Tallenna</button></div><div class="savings-container"><div class="saved-amount"><span>Säästät </span><span>1,36&nbsp;€</span></div><div class="savings-info"><span class="savings-percentage">-21%</span><p class="product-item-old-price"><span class="product-item-old-price line-through">6,35&nbsp;€/kpl</span></p></div></div><div class="buy-box-container"><div class="buy-box"><button class="buy-button"><span class="buy-button-label">Osta</span><svg class="buy-button-checkmark" x="0px" y="0px" width="32px" height="32px" viewBox="0 0 32 32"><path class="buy-button-checkmark-path" stroke-dasharray="19.79 19.79" stroke-dashoffset="19.79" fill="none" stroke="#FFFFFF" stroke-width="2" stroke-linecap="square" stroke-miterlimit="10" d="M9,17l3.9,3.9c0.1,0.1,0.2,0.1,0.3,0L23,11"></path></svg></button></div></div></div></li><li class="product-item product-grid-item product-item--grid2 product-item--FI"><div><a class="product-item-link" href="https://www.matsmart.fi/"><div class="product-grid-item-container"><div class="product-grid-item-image-col"><img src="./tea_files/leader_outdoor_mediterranean_casserole.jpg" srcset="https://cdn4.matsmart.se/sites/se/files/styles/product_teaser/public/products/leader_outdoor_mediterranean_casserole.jpg?itok=w4mIUViJ, https://cdn4.matsmart.se/sites/se/files/styles/product_teaser_2x/public/products/leader_outdoor_mediterranean_casserole.jpg?itok=evdWt3xD 2x" alt="product" title="Parasta ennen: 30.03.2022" loading="lazy"></div><div class="product-item-price"><div property="offers" typeof="Offer" class="product-item-price-numbers product-item-price-numbers--FI"><meta property="availability" href="http://schema.org/InStock"><meta property="url" content="https://matsmart.fiundefined"><meta property="priceCurrency" content="EUR"><span property="price" content="4.99" class="product-price-title">4,99</span><span class="product-price-title medium">€</span></div></div></div><div class="product-grid-item-container product-grid-item-label-header"><span class="label">Retkiruoka Välimerenpata</span><span class="brand-and-weight">Leader | 170g</span></div></a></div><div class="actions-container"><div class="favorite-button"><button class="create-favorite-button">Tallenna</button></div><div class="savings-container"><div class="saved-amount"><span>Säästät </span><span>1,36&nbsp;€</span></div><div class="savings-info"><span class="savings-percentage">-21%</span><p class="product-item-old-price"><span class="product-item-old-price line-through">6,35&nbsp;€/kpl</span></p></div></div><div class="buy-box-container"><div class="buy-box"><button class="buy-button"><span class="buy-button-label">Osta</span><svg class="buy-button-checkmark" x="0px" y="0px" width="32px" height="32px" viewBox="0 0 32 32"><path class="buy-button-checkmark-path" stroke-dasharray="19.79 19.79" stroke-dashoffset="19.79" fill="none" stroke="#FFFFFF" stroke-width="2" stroke-linecap="square" stroke-miterlimit="10" d="M9,17l3.9,3.9c0.1,0.1,0.2,0.1,0.3,0L23,11"></path></svg></button></div></div></div></li><li class="product-item product-grid-item product-item--grid2 product-item--FI"><div><a class="product-item-link" href="https://www.matsmart.fi/"><div class="product-grid-item-container"><div class="product-grid-item-image-col"><img src="./tea_files/musli_1_3.jpg" srcset="https://cdn1.matsmart.se/sites/se/files/styles/product_teaser/public/products/musli_1_3.jpg?itok=PAcqnznU, https://cdn1.matsmart.se/sites/se/files/styles/product_teaser_2x/public/products/musli_1_3.jpg?itok=rgUY_41h 2x" alt="product" title="Parasta ennen: 30.03.2022" loading="lazy"></div><div class="product-item-price"><div property="offers" typeof="Offer" class="product-item-price-numbers product-item-price-numbers--FI"><meta property="availability" href="http://schema.org/InStock"><meta property="url" content="https://matsmart.fiundefined"><meta property="priceCurrency" content="EUR"><span property="price" content="3.8" class="product-price-title">3,80</span><span class="product-price-title medium">€</span></div></div></div><div class="product-grid-item-container product-grid-item-label-header"><span class="label">Retkiruoka Mysli &amp; Jogurtti</span><span class="brand-and-weight">Leader | 135g</span></div></a></div><div class="actions-container"><div class="favorite-button"><button class="create-favorite-button">Tallenna</button></div><div class="savings-container"><div class="saved-amount"><span>Säästät </span><span>1,15&nbsp;€</span></div><div class="savings-info"><span class="savings-percentage">-23%</span><p class="product-item-old-price"><span class="product-item-old-price line-through">4,95&nbsp;€/kpl</span></p></div></div><div class="buy-box-container"><div class="buy-box"><button class="buy-button"><span class="buy-button-label">Osta</span><svg class="buy-button-checkmark" x="0px" y="0px" width="32px" height="32px" viewBox="0 0 32 32"><path class="buy-button-checkmark-path" stroke-dasharray="19.79 19.79" stroke-dashoffset="19.79" fill="none" stroke="#FFFFFF" stroke-width="2" stroke-linecap="square" stroke-miterlimit="10" d="M9,17l3.9,3.9c0.1,0.1,0.2,0.1,0.3,0L23,11"></path></svg></button></div></div></div></li><li class="product-item product-grid-item product-item--grid2 product-item--FI"><div><a class="product-item-link" href="https://www.matsmart.fi/"><div class="product-grid-item-container"><div class="product-grid-item-image-col"><img src="./tea_files/leader_outdoor_chicken_flavoured_pasta.jpg" srcset="https://cdn3.matsmart.se/sites/se/files/styles/product_teaser/public/products/leader_outdoor_chicken_flavoured_pasta.jpg?itok=iAiesdHN, https://cdn3.matsmart.se/sites/se/files/styles/product_teaser_2x/public/products/leader_outdoor_chicken_flavoured_pasta.jpg?itok=j6fbEynW 2x" alt="product" title="Parasta ennen: 30.01.2023" loading="lazy"></div><div class="product-item-price"><div property="offers" typeof="Offer" class="product-item-price-numbers product-item-price-numbers--FI"><meta property="availability" href="http://schema.org/InStock"><meta property="url" content="https://matsmart.fiundefined"><meta property="priceCurrency" content="EUR"><span property="price" content="4.99" class="product-price-title">4,99</span><span class="product-price-title medium">€</span></div></div></div><div class="product-grid-item-container product-grid-item-label-header"><span class="label">Retkiruoka Kanapasta</span><span class="brand-and-weight">Leader | 170g</span></div></a></div><div class="actions-container"><div class="favorite-button"><button class="create-favorite-button">Tallenna</button></div><div class="savings-container"><div class="saved-amount"><span>Säästät </span><span>1,36&nbsp;€</span></div><div class="savings-info"><span class="savings-percentage">-21%</span><p class="product-item-old-price"><span class="product-item-old-price line-through">6,35&nbsp;€/kpl</span></p></div></div><div class="buy-box-container"><div class="buy-box"><button class="buy-button"><span class="buy-button-label">Osta</span><svg class="buy-button-checkmark" x="0px" y="0px" width="32px" height="32px" viewBox="0 0 32 32"><path class="buy-button-checkmark-path" stroke-dasharray="19.79 19.79" stroke-dashoffset="19.79" fill="none" stroke="#FFFFFF" stroke-width="2" stroke-linecap="square" stroke-miterlimit="10" d="M9,17l3.9,3.9c0.1,0.1,0.2,0.1,0.3,0L23,11"></path></svg></button></div></div></div></li><li class="product-item product-grid-item product-item--grid2 product-item--FI"><div><a class="product-item-link" href="https://www.matsmart.fi/"><div class="product-grid-item-container"><div class="product-grid-item-image-col"><img src="./tea_files/pasta_1_8.jpg" srcset="https://cdn1.matsmart.se/sites/se/files/styles/product_teaser/public/products/pasta_1_8.jpg?itok=wOBiXRzu, https://cdn1.matsmart.se/sites/se/files/styles/product_teaser_2x/public/products/pasta_1_8.jpg?itok=Cp0IqyDN 2x" alt="product" title="Parasta ennen: 30.06.2023" loading="lazy"></div><div class="product-item-price"><div property="offers" typeof="Offer" class="product-item-price-numbers product-item-price-numbers--FI"><meta property="availability" href="http://schema.org/InStock"><meta property="url" content="https://matsmart.fiundefined"><meta property="priceCurrency" content="EUR"><span property="price" content="4.99" class="product-price-title">4,99</span><span class="product-price-title medium">€</span></div></div></div><div class="product-grid-item-container product-grid-item-label-header"><span class="label">Retkiruoka Pasta Bolognese</span><span class="brand-and-weight">Leader | 175g</span></div></a></div><div class="actions-container"><div class="favorite-button"><button class="create-favorite-button">Tallenna</button></div><div class="savings-container"><div class="saved-amount"><span>Säästät </span><span>1,36&nbsp;€</span></div><div class="savings-info"><span class="savings-percentage">-21%</span><p class="product-item-old-price"><span class="product-item-old-price line-through">6,35&nbsp;€/kpl</span></p></div></div><div class="buy-box-container"><div class="buy-box"><button class="buy-button"><span class="buy-button-label">Osta</span><svg class="buy-button-checkmark" x="0px" y="0px" width="32px" height="32px" viewBox="0 0 32 32"><path class="buy-button-checkmark-path" stroke-dasharray="19.79 19.79" stroke-dashoffset="19.79" fill="none" stroke="#FFFFFF" stroke-width="2" stroke-linecap="square" stroke-miterlimit="10" d="M9,17l3.9,3.9c0.1,0.1,0.2,0.1,0.3,0L23,11"></path></svg></button></div></div></div></li><li class="product-item product-grid-item product-item--grid2 product-item--FI"><div><a class="product-item-link" href="https://www.matsmart.fi/"><div class="product-grid-item-container"><div class="product-grid-item-image-col"><img src="./tea_files/kikkoman_unagi_sauce.jpg" srcset="https://cdn1.matsmart.se/sites/se/files/styles/product_teaser/public/products/kikkoman_unagi_sauce.jpg?itok=AJL1Aql1, https://cdn1.matsmart.se/sites/se/files/styles/product_teaser_2x/public/products/kikkoman_unagi_sauce.jpg?itok=mZTJ-rPW 2x" alt="product" title="Parasta ennen: 20.11.2020" loading="lazy"></div><div class="product-item-price"><div property="offers" typeof="Offer" class="product-item-price-numbers product-item-price-numbers--FI"><meta property="availability" href="http://schema.org/InStock"><meta property="url" content="https://matsmart.fiundefined"><meta property="priceCurrency" content="EUR"><span property="price" content="9.99" class="product-price-title">9,99</span><span class="product-price-title medium">€</span></div></div></div><div class="product-grid-item-container product-grid-item-label-header"><span class="label">Sushi Kastike</span><span class="brand-and-weight">Kikkoman | 975 ml</span></div></a></div><div class="actions-container"><div class="favorite-button"><button class="create-favorite-button">Tallenna</button></div><div class="savings-container"><div class="saved-amount"><span>Säästät </span><span>4,91&nbsp;€</span></div><div class="savings-info"><span class="savings-percentage">-33%</span><p class="product-item-old-price"><span class="product-item-old-price line-through">14,90&nbsp;€/kpl</span></p></div></div><div class="buy-box-container"><div class="buy-box"><button class="buy-button"><span class="buy-button-label">Osta</span><svg class="buy-button-checkmark" x="0px" y="0px" width="32px" height="32px" viewBox="0 0 32 32"><path class="buy-button-checkmark-path" stroke-dasharray="19.79 19.79" stroke-dashoffset="19.79" fill="none" stroke="#FFFFFF" stroke-width="2" stroke-linecap="square" stroke-miterlimit="10" d="M9,17l3.9,3.9c0.1,0.1,0.2,0.1,0.3,0L23,11"></path></svg></button></div></div></div></li><li class="product-item product-grid-item product-item--grid2 product-item--FI"><div><a class="product-item-link" href="https://www.matsmart.fi/"><div class="product-grid-item-container"><div class="product-grid-item-image-col"><img src="./tea_files/penne_400g.jpg" srcset="https://cdn4.matsmart.se/sites/se/files/styles/product_teaser/public/products/penne_400g.jpg?itok=t1hWx8WX, https://cdn4.matsmart.se/sites/se/files/styles/product_teaser_2x/public/products/penne_400g.jpg?itok=biq1xUTF 2x" alt="product" title="Parasta ennen: 16.09.2023" loading="lazy"></div><div class="product-item-price"><div property="offers" typeof="Offer" class="product-item-multi-price-wrapper"><meta property="availability" href="http://schema.org/InStock"><meta property="url" content="https://matsmart.fiundefined"><span class="product-item-multi-price-label">4kpl</span><div class="product-item-price-numbers product-item-price-numbers--multi-price product-item-price-numbers--FI"><span property="price" content="4" class="product-price-title">4</span><meta property="priceCurrency" content="EUR"><span class="product-price-title medium">€</span></div><span content="1.19" class="product-item-multi-price-single-price">1,19&nbsp;€/kpl</span></div></div></div><div class="product-grid-item-container product-grid-item-label-header"><span class="label">Pasta Penne Rigate</span><span class="brand-and-weight">Presto | 400g</span></div></a></div><div class="actions-container"><div class="favorite-button"><button class="create-favorite-button">Tallenna</button></div><div class="savings-container"><div class="saved-amount"><span>Säästät </span><span>1,96&nbsp;€/4 kpl</span></div><div class="savings-info"><span class="savings-percentage">-33%</span><p class="product-item-old-price"><span class="product-item-old-price line-through">1,49&nbsp;€/kpl</span></p></div></div><div class="buy-box-container"><div class="buy-box"><button class="buy-button"><span class="buy-button-label">Osta</span><svg class="buy-button-checkmark" x="0px" y="0px" width="32px" height="32px" viewBox="0 0 32 32"><path class="buy-button-checkmark-path" stroke-dasharray="19.79 19.79" stroke-dashoffset="19.79" fill="none" stroke="#FFFFFF" stroke-width="2" stroke-linecap="square" stroke-miterlimit="10" d="M9,17l3.9,3.9c0.1,0.1,0.2,0.1,0.3,0L23,11"></path></svg></button></div></div></div></li><li class="product-item product-grid-item product-item--grid2 product-item--FI"><div><a class="product-item-link" href="https://www.matsmart.fi/"><div class="product-grid-item-container"><div class="product-grid-item-image-col"><img src="./tea_files/fusilli_400g.jpg" srcset="https://cdn3.matsmart.se/sites/se/files/styles/product_teaser/public/products/fusilli_400g.jpg?itok=aVpaLuDW, https://cdn3.matsmart.se/sites/se/files/styles/product_teaser_2x/public/products/fusilli_400g.jpg?itok=7EUoS-ZE 2x" alt="product" title="Parasta ennen: 14.09.2023" loading="lazy"></div><div class="product-item-price"><div property="offers" typeof="Offer" class="product-item-multi-price-wrapper"><meta property="availability" href="http://schema.org/InStock"><meta property="url" content="https://matsmart.fiundefined"><span class="product-item-multi-price-label">3kpl</span><div class="product-item-price-numbers product-item-price-numbers--multi-price product-item-price-numbers--FI"><span property="price" content="3" class="product-price-title">3</span><meta property="priceCurrency" content="EUR"><span class="product-price-title medium">€</span></div><span content="1.19" class="product-item-multi-price-single-price">1,19&nbsp;€/kpl</span></div></div></div><div class="product-grid-item-container product-grid-item-label-header"><span class="label">Pasta Fusilli</span><span class="brand-and-weight">Presto | 400g</span></div></a></div><div class="actions-container"><div class="favorite-button"><button class="create-favorite-button">Tallenna</button></div><div class="savings-container"><div class="saved-amount"><span>Säästät </span><span>1,47&nbsp;€/3 kpl</span></div><div class="savings-info"><span class="savings-percentage">-33%</span><p class="product-item-old-price"><span class="product-item-old-price line-through">1,49&nbsp;€/kpl</span></p></div></div><div class="buy-box-container"><div class="buy-box"><button class="buy-button"><span class="buy-button-label">Osta</span><svg class="buy-button-checkmark" x="0px" y="0px" width="32px" height="32px" viewBox="0 0 32 32"><path class="buy-button-checkmark-path" stroke-dasharray="19.79 19.79" stroke-dashoffset="19.79" fill="none" stroke="#FFFFFF" stroke-width="2" stroke-linecap="square" stroke-miterlimit="10" d="M9,17l3.9,3.9c0.1,0.1,0.2,0.1,0.3,0L23,11"></path></svg></button></div></div></div></li><li class="product-item product-grid-item product-item--grid2 product-item--FI"><div><a class="product-item-link" href="https://www.matsmart.fi/"><div class="product-grid-item-container"><div class="product-grid-item-image-col"><img src="./tea_files/felix_majoneesi_herkku.jpg" srcset="https://cdn3.matsmart.se/sites/se/files/styles/product_teaser/public/products/felix_majoneesi_herkku.jpg?itok=T0LWhevf, https://cdn3.matsmart.se/sites/se/files/styles/product_teaser_2x/public/products/felix_majoneesi_herkku.jpg?itok=9kDSBl4K 2x" alt="product" title="Parasta ennen: 14.11.2020" loading="lazy"></div><div class="product-item-price"><div property="offers" typeof="Offer" class="product-item-multi-price-wrapper"><meta property="availability" href="http://schema.org/InStock"><meta property="url" content="https://matsmart.fiundefined"><span class="product-item-multi-price-label">2kpl</span><div class="product-item-price-numbers product-item-price-numbers--multi-price product-item-price-numbers--FI"><span property="price" content="2" class="product-price-title">2</span><meta property="priceCurrency" content="EUR"><span class="product-price-title medium">€</span></div><span content="1.19" class="product-item-multi-price-single-price">1,19&nbsp;€/kpl</span></div></div></div><div class="product-grid-item-container product-grid-item-label-header"><span class="label">Herkkumajoneesi</span><span class="brand-and-weight">Felix | 180g</span></div></a></div><div class="actions-container"><div class="favorite-button"><button class="create-favorite-button">Tallenna</button></div><div class="savings-container"><div class="saved-amount"><span>Säästät </span><span>2,58&nbsp;€/2 kpl</span></div><div class="savings-info"><span class="savings-percentage">-56%</span><p class="product-item-old-price"><span class="product-item-old-price line-through">2,29&nbsp;€/kpl</span></p></div></div><div class="buy-box-container"><div class="buy-box"><button class="buy-button"><span class="buy-button-label">Osta</span><svg class="buy-button-checkmark" x="0px" y="0px" width="32px" height="32px" viewBox="0 0 32 32"><path class="buy-button-checkmark-path" stroke-dasharray="19.79 19.79" stroke-dashoffset="19.79" fill="none" stroke="#FFFFFF" stroke-width="2" stroke-linecap="square" stroke-miterlimit="10" d="M9,17l3.9,3.9c0.1,0.1,0.2,0.1,0.3,0L23,11"></path></svg></button></div></div></div></li><li class="product-item product-grid-item product-item--grid2 product-item--FI"><div><a class="product-item-link" href="https://www.matsmart.fi/"><div class="product-grid-item-container"><div class="product-grid-item-image-col"><img src="./tea_files/felix_majoneesi.jpg" srcset="https://cdn2.matsmart.se/sites/se/files/styles/product_teaser/public/products/felix_majoneesi.jpg?itok=PIw0PyIo, https://cdn2.matsmart.se/sites/se/files/styles/product_teaser_2x/public/products/felix_majoneesi.jpg?itok=GI1iOiCk 2x" alt="product" title="Parasta ennen: 22.11.2020" loading="lazy"></div><div class="product-item-price"><div property="offers" typeof="Offer" class="product-item-multi-price-wrapper"><meta property="availability" href="http://schema.org/InStock"><meta property="url" content="https://matsmart.fiundefined"><span class="product-item-multi-price-label">2kpl</span><div class="product-item-price-numbers product-item-price-numbers--multi-price product-item-price-numbers--FI"><span property="price" content="2" class="product-price-title">2</span><meta property="priceCurrency" content="EUR"><span class="product-price-title medium">€</span></div><span content="1.19" class="product-item-multi-price-single-price">1,19&nbsp;€/kpl</span></div></div></div><div class="product-grid-item-container product-grid-item-label-header"><span class="label">Jogurttimajoneesi</span><span class="brand-and-weight">Felix | 190g</span></div></a></div><div class="actions-container"><div class="favorite-button"><button class="create-favorite-button">Tallenna</button></div><div class="savings-container"><div class="saved-amount"><span>Säästät </span><span>2,58&nbsp;€/2 kpl</span></div><div class="savings-info"><span class="savings-percentage">-56%</span><p class="product-item-old-price"><span class="product-item-old-price line-through">2,29&nbsp;€/kpl</span></p></div></div><div class="buy-box-container"><div class="buy-box"><button class="buy-button"><span class="buy-button-label">Osta</span><svg class="buy-button-checkmark" x="0px" y="0px" width="32px" height="32px" viewBox="0 0 32 32"><path class="buy-button-checkmark-path" stroke-dasharray="19.79 19.79" stroke-dashoffset="19.79" fill="none" stroke="#FFFFFF" stroke-width="2" stroke-linecap="square" stroke-miterlimit="10" d="M9,17l3.9,3.9c0.1,0.1,0.2,0.1,0.3,0L23,11"></path></svg></button></div></div></div></li><li class="product-item product-grid-item product-item--grid2 product-item--FI"><div><a class="product-item-link" href="https://www.matsmart.fi/"><div class="product-grid-item-container"><div class="product-grid-item-image-col"><img src="./tea_files/super_garden_himalayasalt_front.jpg" srcset="https://cdn4.matsmart.se/sites/se/files/styles/product_teaser/public/products/super_garden_himalayasalt_front.jpg?itok=p0lLDGMo, https://cdn4.matsmart.se/sites/se/files/styles/product_teaser_2x/public/products/super_garden_himalayasalt_front.jpg?itok=nWV1CJyw 2x" alt="product" title="" loading="lazy"></div><div class="product-item-price"><div property="offers" typeof="Offer" class="product-item-price-numbers product-item-price-numbers--FI"><meta property="availability" href="http://schema.org/InStock"><meta property="url" content="https://matsmart.fiundefined"><meta property="priceCurrency" content="EUR"><span property="price" content="2.49" class="product-price-title">2,49</span><span class="product-price-title medium">€</span></div></div></div><div class="product-grid-item-container product-grid-item-label-header"><span class="label">Karkea Himalajansuola </span><span class="brand-and-weight">Super Garden | 500 g</span></div></a></div><div class="actions-container"><div class="favorite-button"><button class="create-favorite-button">Tallenna</button></div><div class="savings-container"><div class="saved-amount"><span>Säästät </span><span>1,50&nbsp;€</span></div><div class="savings-info"><span class="savings-percentage">-38%</span><p class="product-item-old-price"><span class="product-item-old-price line-through">3,99&nbsp;€/kpl</span></p></div></div><div class="buy-box-container"><div class="buy-box"><button class="buy-button"><span class="buy-button-label">Osta</span><svg class="buy-button-checkmark" x="0px" y="0px" width="32px" height="32px" viewBox="0 0 32 32"><path class="buy-button-checkmark-path" stroke-dasharray="19.79 19.79" stroke-dashoffset="19.79" fill="none" stroke="#FFFFFF" stroke-width="2" stroke-linecap="square" stroke-miterlimit="10" d="M9,17l3.9,3.9c0.1,0.1,0.2,0.1,0.3,0L23,11"></path></svg></button></div></div></div></li><li class="product-item product-grid-item product-item--grid2 product-item--FI"><div><a class="product-item-link" href="https://www.matsmart.fi/"><div class="product-grid-item-container"><div class="product-grid-item-image-col"><img src="./tea_files/presto_spaghetti_nr_7_ny.jpg" srcset="https://cdn1.matsmart.se/sites/se/files/styles/product_teaser/public/products/presto_spaghetti_nr_7_ny.jpg?itok=QEwUgVNo, https://cdn1.matsmart.se/sites/se/files/styles/product_teaser_2x/public/products/presto_spaghetti_nr_7_ny.jpg?itok=BLEMJEmj 2x" alt="product" title="Parasta ennen: 06.09.2023" loading="lazy"></div><div class="product-item-price"><div property="offers" typeof="Offer" class="product-item-multi-price-wrapper"><meta property="availability" href="http://schema.org/InStock"><meta property="url" content="https://matsmart.fiundefined"><span class="product-item-multi-price-label">4kpl</span><div class="product-item-price-numbers product-item-price-numbers--multi-price product-item-price-numbers--FI"><span property="price" content="4" class="product-price-title">4</span><meta property="priceCurrency" content="EUR"><span class="product-price-title medium">€</span></div><span content="1.19" class="product-item-multi-price-single-price">1,19&nbsp;€/kpl</span></div></div></div><div class="product-grid-item-container product-grid-item-label-header"><span class="label">Spagetti</span><span class="brand-and-weight">Presto | 400g</span></div></a></div><div class="actions-container"><div class="favorite-button"><button class="create-favorite-button">Tallenna</button></div><div class="savings-container"><div class="saved-amount"><span>Säästät </span><span>1,96&nbsp;€/4 kpl</span></div><div class="savings-info"><span class="savings-percentage">-33%</span><p class="product-item-old-price"><span class="product-item-old-price line-through">1,49&nbsp;€/kpl</span></p></div></div><div class="buy-box-container"><div class="buy-box"><button class="buy-button"><span class="buy-button-label">Osta</span><svg class="buy-button-checkmark" x="0px" y="0px" width="32px" height="32px" viewBox="0 0 32 32"><path class="buy-button-checkmark-path" stroke-dasharray="19.79 19.79" stroke-dashoffset="19.79" fill="none" stroke="#FFFFFF" stroke-width="2" stroke-linecap="square" stroke-miterlimit="10" d="M9,17l3.9,3.9c0.1,0.1,0.2,0.1,0.3,0L23,11"></path></svg></button></div></div></div></li><li class="product-item product-grid-item product-item--grid2 product-item--FI"><div><a class="product-item-link" href="https://www.matsmart.fi/"><div class="product-grid-item-container"><div class="product-grid-item-image-col"><img src="./tea_files/bullseye_steakhouse.jpg" srcset="https://cdn3.matsmart.se/sites/se/files/styles/product_teaser/public/products/bullseye_steakhouse.jpg?itok=pPyGRgum, https://cdn3.matsmart.se/sites/se/files/styles/product_teaser_2x/public/products/bullseye_steakhouse.jpg?itok=TAeiRI2F 2x" alt="product" title="Parasta ennen: 21.04.2021" loading="lazy"></div><div class="product-item-price"><div property="offers" typeof="Offer" class="product-item-multi-price-wrapper"><meta property="availability" href="http://schema.org/InStock"><meta property="url" content="https://matsmart.fiundefined"><span class="product-item-multi-price-label">2kpl</span><div class="product-item-price-numbers product-item-price-numbers--multi-price product-item-price-numbers--FI"><span property="price" content="4" class="product-price-title">4</span><meta property="priceCurrency" content="EUR"><span class="product-price-title medium">€</span></div><span content="2.19" class="product-item-multi-price-single-price">2,19&nbsp;€/kpl</span></div></div></div><div class="product-grid-item-container product-grid-item-label-header"><span class="label">BBQ-kastike Paprika &amp; Valkosipuli</span><span class="brand-and-weight">Bullseye | 360g</span></div></a></div><div class="actions-container"><div class="favorite-button"><button class="create-favorite-button">Tallenna</button></div><div class="savings-container"><div class="saved-amount"><span>Säästät </span><span>2,98&nbsp;€/2 kpl</span></div><div class="savings-info"><span class="savings-percentage">-43%</span><p class="product-item-old-price"><span class="product-item-old-price line-through">3,49&nbsp;€/kpl</span></p></div></div><div class="buy-box-container"><div class="buy-box"><button class="buy-button"><span class="buy-button-label">Osta</span><svg class="buy-button-checkmark" x="0px" y="0px" width="32px" height="32px" viewBox="0 0 32 32"><path class="buy-button-checkmark-path" stroke-dasharray="19.79 19.79" stroke-dashoffset="19.79" fill="none" stroke="#FFFFFF" stroke-width="2" stroke-linecap="square" stroke-miterlimit="10" d="M9,17l3.9,3.9c0.1,0.1,0.2,0.1,0.3,0L23,11"></path></svg></button></div></div></div></li><li class="product-item product-grid-item product-item--grid2 product-item--FI"><div><a class="product-item-link" href="https://www.matsmart.fi/"><div class="product-grid-item-container"><div class="product-grid-item-image-col"><img src="./tea_files/bulls-eye_original_bbq_sauce.jpg" srcset="https://cdn2.matsmart.se/sites/se/files/styles/product_teaser/public/products/bulls-eye_original_bbq_sauce.jpg?itok=BoLcmY5f, https://cdn2.matsmart.se/sites/se/files/styles/product_teaser_2x/public/products/bulls-eye_original_bbq_sauce.jpg?itok=LQsZ9t_u 2x" alt="product" title="Parasta ennen: 14.04.2021" loading="lazy"></div><div class="product-item-price"><div property="offers" typeof="Offer" class="product-item-multi-price-wrapper"><meta property="availability" href="http://schema.org/InStock"><meta property="url" content="https://matsmart.fiundefined"><span class="product-item-multi-price-label">2kpl</span><div class="product-item-price-numbers product-item-price-numbers--multi-price product-item-price-numbers--FI"><span property="price" content="2" class="product-price-title">2</span><meta property="priceCurrency" content="EUR"><span class="product-price-title medium">€</span></div><span content="1.19" class="product-item-multi-price-single-price">1,19&nbsp;€/kpl</span></div></div></div><div class="product-grid-item-container product-grid-item-label-header"><span class="label">BBQ-kastike Original</span><span class="brand-and-weight">Bullseye | 300ml</span></div></a></div><div class="actions-container"><div class="favorite-button"><button class="create-favorite-button">Tallenna</button></div><div class="savings-container"><div class="saved-amount"><span>Säästät </span><span>4,98&nbsp;€/2 kpl</span></div><div class="savings-info"><span class="savings-percentage">-71%</span><p class="product-item-old-price"><span class="product-item-old-price line-through">3,49&nbsp;€/kpl</span></p></div></div><div class="buy-box-container"><div class="buy-box"><button class="buy-button"><span class="buy-button-label">Osta</span><svg class="buy-button-checkmark" x="0px" y="0px" width="32px" height="32px" viewBox="0 0 32 32"><path class="buy-button-checkmark-path" stroke-dasharray="19.79 19.79" stroke-dashoffset="19.79" fill="none" stroke="#FFFFFF" stroke-width="2" stroke-linecap="square" stroke-miterlimit="10" d="M9,17l3.9,3.9c0.1,0.1,0.2,0.1,0.3,0L23,11"></path></svg></button></div></div></div></li><li class="product-item product-grid-item product-item--grid2 product-item--FI"><div><a class="product-item-link" href="https://www.matsmart.fi/"><div class="product-grid-item-container"><div class="product-grid-item-image-col"><img src="./tea_files/bulls-eye_smokey_bacon.jpg" srcset="https://cdn3.matsmart.se/sites/se/files/styles/product_teaser/public/products/bulls-eye_smokey_bacon.jpg?itok=tn2kcinG, https://cdn3.matsmart.se/sites/se/files/styles/product_teaser_2x/public/products/bulls-eye_smokey_bacon.jpg?itok=1YgFx2Fh 2x" alt="product" title="Parasta ennen: 14.01.2021" loading="lazy"></div><div class="product-item-price"><div property="offers" typeof="Offer" class="product-item-multi-price-wrapper"><meta property="availability" href="http://schema.org/InStock"><meta property="url" content="https://matsmart.fiundefined"><span class="product-item-multi-price-label">2kpl</span><div class="product-item-price-numbers product-item-price-numbers--multi-price product-item-price-numbers--FI"><span property="price" content="2" class="product-price-title">2</span><meta property="priceCurrency" content="EUR"><span class="product-price-title medium">€</span></div><span content="2.19" class="product-item-multi-price-single-price">2,19&nbsp;€/kpl</span></div></div></div><div class="product-grid-item-container product-grid-item-label-header"><span class="label">BBQ-kastike Bacon</span><span class="brand-and-weight">Bullseye | 300ml</span></div></a></div><div class="actions-container"><div class="favorite-button"><button class="create-favorite-button">Tallenna</button></div><div class="savings-container"><div class="saved-amount"><span>Säästät </span><span>4,98&nbsp;€/2 kpl</span></div><div class="savings-info"><span class="savings-percentage">-71%</span><p class="product-item-old-price"><span class="product-item-old-price line-through">3,49&nbsp;€/kpl</span></p></div></div><div class="buy-box-container"><div class="buy-box"><button class="buy-button"><span class="buy-button-label">Osta</span><svg class="buy-button-checkmark" x="0px" y="0px" width="32px" height="32px" viewBox="0 0 32 32"><path class="buy-button-checkmark-path" stroke-dasharray="19.79 19.79" stroke-dashoffset="19.79" fill="none" stroke="#FFFFFF" stroke-width="2" stroke-linecap="square" stroke-miterlimit="10" d="M9,17l3.9,3.9c0.1,0.1,0.2,0.1,0.3,0L23,11"></path></svg></button></div></div></div></li><li class="product-item product-grid-item product-item--grid2 product-item--FI"><div><a class="product-item-link" href="https://www.matsmart.fi/"><div class="product-grid-item-container"><div class="product-grid-item-image-col"><img src="./tea_files/havregott_1.jpg" srcset="https://cdn1.matsmart.se/sites/se/files/styles/product_teaser/public/products/havregott_1.jpg?itok=Of5LQbqt, https://cdn1.matsmart.se/sites/se/files/styles/product_teaser_2x/public/products/havregott_1.jpg?itok=7MiK6Tbv 2x" alt="product" title="Parasta ennen: 08.01.2021" loading="lazy"></div><div class="product-item-price"><div property="offers" typeof="Offer" class="product-item-multi-price-wrapper"><meta property="availability" href="http://schema.org/InStock"><meta property="url" content="https://matsmart.fiundefined"><span class="product-item-multi-price-label">2kpl</span><div class="product-item-price-numbers product-item-price-numbers--multi-price product-item-price-numbers--FI"><span property="price" content="6" class="product-price-title">6</span><meta property="priceCurrency" content="EUR"><span class="product-price-title medium">€</span></div><span content="3.49" class="product-item-multi-price-single-price">3,49&nbsp;€/kpl</span></div></div></div><div class="product-grid-item-container product-grid-item-label-header"><span class="label">Kauramurot Mansikka</span><span class="brand-and-weight">Axa | 350 g</span></div></a></div><div class="actions-container"><div class="favorite-button"><button class="create-favorite-button">Tallenna</button></div><div class="savings-container"><div class="saved-amount"><span>Säästät </span><span>1,98&nbsp;€/2 kpl</span></div><div class="savings-info"><span class="savings-percentage">-25%</span><p class="product-item-old-price"><span class="product-item-old-price line-through">3,99&nbsp;€/kpl</span></p></div></div><div class="buy-box-container"><div class="buy-box"><button class="buy-button"><span class="buy-button-label">Osta</span><svg class="buy-button-checkmark" x="0px" y="0px" width="32px" height="32px" viewBox="0 0 32 32"><path class="buy-button-checkmark-path" stroke-dasharray="19.79 19.79" stroke-dashoffset="19.79" fill="none" stroke="#FFFFFF" stroke-width="2" stroke-linecap="square" stroke-miterlimit="10" d="M9,17l3.9,3.9c0.1,0.1,0.2,0.1,0.3,0L23,11"></path></svg></button></div></div></div></li><li class="product-item product-grid-item product-item--grid2 product-item--FI"><div><a class="product-item-link" href="https://www.matsmart.fi/"><div class="product-grid-item-container"><div class="product-grid-item-image-col"><img src="./tea_files/risella_kvinoa_valkoinen.jpg" srcset="https://cdn3.matsmart.se/sites/se/files/styles/product_teaser/public/products/risella_kvinoa_valkoinen.jpg?itok=F76cClph, https://cdn3.matsmart.se/sites/se/files/styles/product_teaser_2x/public/products/risella_kvinoa_valkoinen.jpg?itok=K21qCFm8 2x" alt="product" title="Parasta ennen: 30.06.2021" loading="lazy"></div><div class="product-item-price"><div property="offers" typeof="Offer" class="product-item-multi-price-wrapper"><meta property="availability" href="http://schema.org/InStock"><meta property="url" content="https://matsmart.fiundefined"><span class="product-item-multi-price-label">2kpl</span><div class="product-item-price-numbers product-item-price-numbers--multi-price product-item-price-numbers--FI"><span property="price" content="2" class="product-price-title">2</span><meta property="priceCurrency" content="EUR"><span class="product-price-title medium">€</span></div><span content="1.19" class="product-item-multi-price-single-price">1,19&nbsp;€/kpl</span></div></div></div><div class="product-grid-item-container product-grid-item-label-header"><span class="label">Heti Valmis Valkoinen &amp; Punainen Kvinoa</span><span class="brand-and-weight">Risella | 250 g</span></div></a></div><div class="actions-container"><div class="favorite-button"><button class="create-favorite-button">Tallenna</button></div><div class="savings-container"><div class="saved-amount"><span>Säästät </span><span>1,90&nbsp;€/2 kpl</span></div><div class="savings-info"><span class="savings-percentage">-49%</span><p class="product-item-old-price"><span class="product-item-old-price line-through">1,95&nbsp;€/kpl</span></p></div></div><div class="buy-box-container"><div class="buy-box"><button class="buy-button"><span class="buy-button-label">Osta</span><svg class="buy-button-checkmark" x="0px" y="0px" width="32px" height="32px" viewBox="0 0 32 32"><path class="buy-button-checkmark-path" stroke-dasharray="19.79 19.79" stroke-dashoffset="19.79" fill="none" stroke="#FFFFFF" stroke-width="2" stroke-linecap="square" stroke-miterlimit="10" d="M9,17l3.9,3.9c0.1,0.1,0.2,0.1,0.3,0L23,11"></path></svg></button></div></div></div></li><li class="product-item product-grid-item product-item--grid2 product-item--FI"><div><a class="product-item-link" href="https://www.matsmart.fi/"><div class="product-grid-item-container"><div class="product-grid-item-image-col"><img src="./tea_files/risella_basmati_riisi.jpg" srcset="https://cdn4.matsmart.se/sites/se/files/styles/product_teaser/public/products/risella_basmati_riisi.jpg?itok=Vmwakex_, https://cdn4.matsmart.se/sites/se/files/styles/product_teaser_2x/public/products/risella_basmati_riisi.jpg?itok=bH7HLmBN 2x" alt="product" title="Parasta ennen: 30.09.2020" loading="lazy"></div><div class="product-item-price"><div property="offers" typeof="Offer" class="product-item-multi-price-wrapper"><meta property="availability" href="http://schema.org/InStock"><meta property="url" content="https://matsmart.fiundefined"><span class="product-item-multi-price-label">2kpl</span><div class="product-item-price-numbers product-item-price-numbers--multi-price product-item-price-numbers--FI"><span property="price" content="2" class="product-price-title">2</span><meta property="priceCurrency" content="EUR"><span class="product-price-title medium">€</span></div><span content="1.19" class="product-item-multi-price-single-price">1,19&nbsp;€/kpl</span></div></div></div><div class="product-grid-item-container product-grid-item-label-header"><span class="label">Heti Valmis Basmatiriisi </span><span class="brand-and-weight">Risella | 250 g</span></div></a></div><div class="actions-container"><div class="favorite-button"><button class="create-favorite-button">Tallenna</button></div><div class="savings-container"><div class="saved-amount"><span>Säästät </span><span>1,90&nbsp;€/2 kpl</span></div><div class="savings-info"><span class="savings-percentage">-49%</span><p class="product-item-old-price"><span class="product-item-old-price line-through">1,95&nbsp;€/kpl</span></p></div></div><div class="buy-box-container"><div class="buy-box"><button class="buy-button"><span class="buy-button-label">Osta</span><svg class="buy-button-checkmark" x="0px" y="0px" width="32px" height="32px" viewBox="0 0 32 32"><path class="buy-button-checkmark-path" stroke-dasharray="19.79 19.79" stroke-dashoffset="19.79" fill="none" stroke="#FFFFFF" stroke-width="2" stroke-linecap="square" stroke-miterlimit="10" d="M9,17l3.9,3.9c0.1,0.1,0.2,0.1,0.3,0L23,11"></path></svg></button></div></div></div></li><li class="product-item product-grid-item product-item--grid2 product-item--FI"><div><a class="product-item-link" href="https://www.matsmart.fi/"><div class="product-grid-item-container"><div class="product-grid-item-image-col"><img src="./tea_files/24-pack_pul_proteiinipatukka_suklaa_35ghp_classic_woodsmoke_bbq_sauce_465ginnehall.png" srcset="https://cdn2.matsmart.se/sites/se/files/styles/product_teaser/public/products/24-pack_pul_proteiinipatukka_suklaa_35ghp_classic_woodsmoke_bbq_sauce_465ginnehall.png?itok=Y7r1fvNW, https://cdn2.matsmart.se/sites/se/files/styles/product_teaser_2x/public/products/24-pack_pul_proteiinipatukka_suklaa_35ghp_classic_woodsmoke_bbq_sauce_465ginnehall.png?itok=0nb-6RRU 2x" alt="product" title="Parasta ennen: 01.11.2020" loading="lazy"></div><div class="product-item-price"><div property="offers" typeof="Offer" class="product-item-price-numbers product-item-price-numbers--FI"><meta property="availability" href="http://schema.org/InStock"><meta property="url" content="https://matsmart.fiundefined"><meta property="priceCurrency" content="EUR"><span property="price" content="2.99" class="product-price-title">2,99</span><span class="product-price-title medium">€</span></div></div></div><div class="product-grid-item-container product-grid-item-label-header"><span class="label">Grillikastike</span><span class="brand-and-weight">Heinz | 465 g</span></div></a></div><div class="actions-container"><div class="favorite-button"><button class="create-favorite-button">Tallenna</button></div><div class="savings-container"><div class="saved-amount"><span>Säästät </span><span>1,56&nbsp;€</span></div><div class="savings-info"><span class="savings-percentage">-34%</span><p class="product-item-old-price"><span class="product-item-old-price line-through">4,55&nbsp;€/kpl</span></p></div></div><div class="buy-box-container"><div class="buy-box"><button class="buy-button"><span class="buy-button-label">Osta</span><svg class="buy-button-checkmark" x="0px" y="0px" width="32px" height="32px" viewBox="0 0 32 32"><path class="buy-button-checkmark-path" stroke-dasharray="19.79 19.79" stroke-dashoffset="19.79" fill="none" stroke="#FFFFFF" stroke-width="2" stroke-linecap="square" stroke-miterlimit="10" d="M9,17l3.9,3.9c0.1,0.1,0.2,0.1,0.3,0L23,11"></path></svg></button></div></div></div></li><li class="product-item product-grid-item product-item--grid2 product-item--FI"><div><a class="product-item-link" href="https://www.matsmart.fi/"><div class="product-grid-item-container"><div class="product-grid-item-image-col"><img src="./tea_files/kryddmix_rub_fish.png" srcset="https://cdn2.matsmart.se/sites/se/files/styles/product_teaser/public/products/kryddmix_rub_fish.png?itok=_5Ngprd1, https://cdn2.matsmart.se/sites/se/files/styles/product_teaser_2x/public/products/kryddmix_rub_fish.png?itok=Wq4SnW_G 2x" alt="product" title="Parasta ennen: 08.03.2021" loading="lazy"></div><div class="product-item-price"><div property="offers" typeof="Offer" class="product-item-multi-price-wrapper"><meta property="availability" href="http://schema.org/InStock"><meta property="url" content="https://matsmart.fiundefined"><span class="product-item-multi-price-label">3kpl</span><div class="product-item-price-numbers product-item-price-numbers--multi-price product-item-price-numbers--FI"><span property="price" content="2" class="product-price-title">2</span><meta property="priceCurrency" content="EUR"><span class="product-price-title medium">€</span></div><span content="0.99" class="product-item-multi-price-single-price">0,99&nbsp;€/kpl</span></div></div></div><div class="product-grid-item-container product-grid-item-label-header"><span class="label">Mausteseos Fish</span><span class="brand-and-weight">Santa Maria | 22 g</span></div></a></div><div class="actions-container"><div class="favorite-button"><button class="create-favorite-button">Tallenna</button></div><div class="savings-container"><div class="saved-amount"><span>Säästät </span><span>1,60&nbsp;€/3 kpl</span></div><div class="savings-info"><span class="savings-percentage">-44%</span><p class="product-item-old-price"><span class="product-item-old-price line-through">1,20&nbsp;€/kpl</span></p></div></div><div class="buy-box-container"><div class="buy-box"><button class="buy-button"><span class="buy-button-label">Osta</span><svg class="buy-button-checkmark" x="0px" y="0px" width="32px" height="32px" viewBox="0 0 32 32"><path class="buy-button-checkmark-path" stroke-dasharray="19.79 19.79" stroke-dashoffset="19.79" fill="none" stroke="#FFFFFF" stroke-width="2" stroke-linecap="square" stroke-miterlimit="10" d="M9,17l3.9,3.9c0.1,0.1,0.2,0.1,0.3,0L23,11"></path></svg></button></div></div></div></li><li class="product-item product-grid-item product-item--grid2 product-item--FI"><div><a class="product-item-link" href="https://www.matsmart.fi/"><div class="product-grid-item-container"><div class="product-grid-item-image-col"><img src="./tea_files/san_rub_beer_can_chicken_30g.png" srcset="https://cdn2.matsmart.se/sites/se/files/styles/product_teaser/public/products/san_rub_beer_can_chicken_30g.png?itok=apiIUmKU, https://cdn2.matsmart.se/sites/se/files/styles/product_teaser_2x/public/products/san_rub_beer_can_chicken_30g.png?itok=0xCPfeZS 2x" alt="product" title="Parasta ennen: 20.03.2021" loading="lazy"></div><div class="product-item-price"><div property="offers" typeof="Offer" class="product-item-multi-price-wrapper"><meta property="availability" href="http://schema.org/InStock"><meta property="url" content="https://matsmart.fiundefined"><span class="product-item-multi-price-label">3kpl</span><div class="product-item-price-numbers product-item-price-numbers--multi-price product-item-price-numbers--FI"><span property="price" content="2" class="product-price-title">2</span><meta property="priceCurrency" content="EUR"><span class="product-price-title medium">€</span></div><span content="0.99" class="product-item-multi-price-single-price">0,99&nbsp;€/kpl</span></div></div></div><div class="product-grid-item-container product-grid-item-label-header"><span class="label">Mausteseos Beer Can Chicken</span><span class="brand-and-weight">Santa Maria | 30 g</span></div></a></div><div class="actions-container"><div class="favorite-button"><button class="create-favorite-button">Tallenna</button></div><div class="savings-container"><div class="saved-amount"><span>Säästät </span><span>1,60&nbsp;€/3 kpl</span></div><div class="savings-info"><span class="savings-percentage">-44%</span><p class="product-item-old-price"><span class="product-item-old-price line-through">1,20&nbsp;€/kpl</span></p></div></div><div class="buy-box-container"><div class="buy-box"><button class="buy-button"><span class="buy-button-label">Osta</span><svg class="buy-button-checkmark" x="0px" y="0px" width="32px" height="32px" viewBox="0 0 32 32"><path class="buy-button-checkmark-path" stroke-dasharray="19.79 19.79" stroke-dashoffset="19.79" fill="none" stroke="#FFFFFF" stroke-width="2" stroke-linecap="square" stroke-miterlimit="10" d="M9,17l3.9,3.9c0.1,0.1,0.2,0.1,0.3,0L23,11"></path></svg></button></div></div></div></li><li class="product-item product-grid-item product-item--grid2 product-item--FI"><div><a class="product-item-link" href="https://www.matsmart.fi/"><div class="product-grid-item-container"><div class="product-grid-item-image-col"><img src="./tea_files/blue_dragon_chilli_ginger.jpg" srcset="https://cdn4.matsmart.se/sites/se/files/styles/product_teaser/public/products/blue_dragon_chilli_ginger.jpg?itok=Svv8HWwt, https://cdn4.matsmart.se/sites/se/files/styles/product_teaser_2x/public/products/blue_dragon_chilli_ginger.jpg?itok=tnUKPyog 2x" alt="product" title="Parasta ennen: 30.03.2021" loading="lazy"></div><div class="product-item-price"><div property="offers" typeof="Offer" class="product-item-price-numbers product-item-price-numbers--FI"><meta property="availability" href="http://schema.org/InStock"><meta property="url" content="https://matsmart.fiundefined"><meta property="priceCurrency" content="EUR"><span property="price" content="1.99" class="product-price-title">1,99</span><span class="product-price-title medium">€</span></div></div></div><div class="product-grid-item-container product-grid-item-label-header"><span class="label">Chili-Inkivääri Kastike</span><span class="brand-and-weight">Blue Dragon | 190ml</span></div></a></div><div class="actions-container"><div class="favorite-button"><button class="create-favorite-button">Tallenna</button></div><div class="savings-container"><div class="saved-amount"><span>Säästät </span><span>1,50&nbsp;€</span></div><div class="savings-info"><span class="savings-percentage">-43%</span><p class="product-item-old-price"><span class="product-item-old-price line-through">3,49&nbsp;€/kpl</span></p></div></div><div class="buy-box-container"><div class="buy-box"><button class="buy-button"><span class="buy-button-label">Osta</span><svg class="buy-button-checkmark" x="0px" y="0px" width="32px" height="32px" viewBox="0 0 32 32"><path class="buy-button-checkmark-path" stroke-dasharray="19.79 19.79" stroke-dashoffset="19.79" fill="none" stroke="#FFFFFF" stroke-width="2" stroke-linecap="square" stroke-miterlimit="10" d="M9,17l3.9,3.9c0.1,0.1,0.2,0.1,0.3,0L23,11"></path></svg></button></div></div></div></li><li class="product-item product-grid-item product-item--grid2 product-item--FI"><div><a class="product-item-link" href="https://www.matsmart.fi/"><div class="product-grid-item-container"><div class="product-grid-item-image-col"><img src="./tea_files/santa_maria_bbq_sauce_smokey_hickory.jpg" srcset="https://cdn3.matsmart.se/sites/se/files/styles/product_teaser/public/products/santa_maria_bbq_sauce_smokey_hickory.jpg?itok=b7mp_8qW, https://cdn3.matsmart.se/sites/se/files/styles/product_teaser_2x/public/products/santa_maria_bbq_sauce_smokey_hickory.jpg?itok=846Ulvsc 2x" alt="product" title="Parasta ennen: 04.02.2021" loading="lazy"></div><div class="product-item-price"><div property="offers" typeof="Offer" class="product-item-price-numbers product-item-price-numbers--FI"><meta property="availability" href="http://schema.org/InStock"><meta property="url" content="https://matsmart.fiundefined"><meta property="priceCurrency" content="EUR"><span property="price" content="2.99" class="product-price-title">2,99</span><span class="product-price-title medium">€</span></div></div></div><div class="product-grid-item-container product-grid-item-label-header"><span class="label">Maustekastike BBQ Hickory</span><span class="brand-and-weight">Santa Maria | 470g</span></div></a></div><div class="actions-container"><div class="favorite-button"><button class="create-favorite-button">Tallenna</button></div><div class="savings-container"><div class="saved-amount"><span>Säästät </span><span>0,80&nbsp;€</span></div><div class="savings-info"><span class="savings-percentage">-21%</span><p class="product-item-old-price"><span class="product-item-old-price line-through">3,79&nbsp;€/kpl</span></p></div></div><div class="buy-box-container"><div class="buy-box"><button class="buy-button"><span class="buy-button-label">Osta</span><svg class="buy-button-checkmark" x="0px" y="0px" width="32px" height="32px" viewBox="0 0 32 32"><path class="buy-button-checkmark-path" stroke-dasharray="19.79 19.79" stroke-dashoffset="19.79" fill="none" stroke="#FFFFFF" stroke-width="2" stroke-linecap="square" stroke-miterlimit="10" d="M9,17l3.9,3.9c0.1,0.1,0.2,0.1,0.3,0L23,11"></path></svg></button></div></div></div></li><li class="product-item product-grid-item product-item--grid2 product-item--FI"><div><a class="product-item-link" href="https://www.matsmart.fi/"><div class="product-grid-item-container"><div class="product-grid-item-image-col"><img src="./tea_files/santa_maria_bbq_sauce_for_fish.jpg" srcset="https://cdn4.matsmart.se/sites/se/files/styles/product_teaser/public/products/santa_maria_bbq_sauce_for_fish.jpg?itok=7Po1pgw_, https://cdn4.matsmart.se/sites/se/files/styles/product_teaser_2x/public/products/santa_maria_bbq_sauce_for_fish.jpg?itok=VpvTHqi- 2x" alt="product" title="Parasta ennen: 13.12.2020" loading="lazy"></div><div class="product-item-price"><div property="offers" typeof="Offer" class="product-item-multi-price-wrapper"><meta property="availability" href="http://schema.org/InStock"><meta property="url" content="https://matsmart.fiundefined"><span class="product-item-multi-price-label">2kpl</span><div class="product-item-price-numbers product-item-price-numbers--multi-price product-item-price-numbers--FI"><span property="price" content="5" class="product-price-title">5</span><meta property="priceCurrency" content="EUR"><span class="product-price-title medium">€</span></div><span content="2.69" class="product-item-multi-price-single-price">2,69&nbsp;€/kpl</span></div></div></div><div class="product-grid-item-container product-grid-item-label-header"><span class="label">BBQ-kastike Ginger &amp; Lemon</span><span class="brand-and-weight">Santa Maria | 420g</span></div></a></div><div class="actions-container"><div class="favorite-button"><button class="create-favorite-button">Tallenna</button></div><div class="savings-container"><div class="saved-amount"><span>Säästät </span><span>4,00&nbsp;€/2 kpl</span></div><div class="savings-info"><span class="savings-percentage">-44%</span><p class="product-item-old-price"><span class="product-item-old-price line-through">4,50&nbsp;€/kpl</span></p></div></div><div class="buy-box-container"><div class="buy-box"><button class="buy-button"><span class="buy-button-label">Osta</span><svg class="buy-button-checkmark" x="0px" y="0px" width="32px" height="32px" viewBox="0 0 32 32"><path class="buy-button-checkmark-path" stroke-dasharray="19.79 19.79" stroke-dashoffset="19.79" fill="none" stroke="#FFFFFF" stroke-width="2" stroke-linecap="square" stroke-miterlimit="10" d="M9,17l3.9,3.9c0.1,0.1,0.2,0.1,0.3,0L23,11"></path></svg></button></div></div></div></li><li class="product-item product-grid-item product-item--grid2 product-item--FI"><div><a class="product-item-link" href="https://www.matsmart.fi/"><div class="product-grid-item-container"><div class="product-grid-item-image-col"><img src="./tea_files/basilika_2.jpg" srcset="https://cdn4.matsmart.se/sites/se/files/styles/product_teaser/public/products/basilika_2.jpg?itok=kuzeKMD0, https://cdn4.matsmart.se/sites/se/files/styles/product_teaser_2x/public/products/basilika_2.jpg?itok=71q9BR24 2x" alt="product" title="Parasta ennen: 30.07.2021" loading="lazy"></div><div class="product-item-price"><div property="offers" typeof="Offer" class="product-item-price-numbers product-item-price-numbers--FI"><meta property="availability" href="http://schema.org/InStock"><meta property="url" content="https://matsmart.fiundefined"><meta property="priceCurrency" content="EUR"><span property="price" content="1.49" class="product-price-title">1,49</span><span class="product-price-title medium">€</span></div></div></div><div class="product-grid-item-container product-grid-item-label-header"><span class="label">Basilikatahna</span><span class="brand-and-weight">Santa Maria | 80 g</span></div></a></div><div class="actions-container"><div class="favorite-button"><button class="create-favorite-button">Tallenna</button></div><div class="savings-container"><div class="saved-amount"><span>Säästät </span><span>0,90&nbsp;€</span></div><div class="savings-info"><span class="savings-percentage">-38%</span><p class="product-item-old-price"><span class="product-item-old-price line-through">2,39&nbsp;€/kpl</span></p></div></div><div class="buy-box-container"><div class="buy-box"><button class="buy-button"><span class="buy-button-label">Osta</span><svg class="buy-button-checkmark" x="0px" y="0px" width="32px" height="32px" viewBox="0 0 32 32"><path class="buy-button-checkmark-path" stroke-dasharray="19.79 19.79" stroke-dashoffset="19.79" fill="none" stroke="#FFFFFF" stroke-width="2" stroke-linecap="square" stroke-miterlimit="10" d="M9,17l3.9,3.9c0.1,0.1,0.2,0.1,0.3,0L23,11"></path></svg></button></div></div></div></li><li class="product-item product-grid-item product-item--grid2 product-item--FI"><div><a class="product-item-link" href="https://www.matsmart.fi/"><div class="product-grid-item-container"><div class="product-grid-item-image-col"><img src="./tea_files/san_marinade_ginger_lemon_75g.png" srcset="https://cdn2.matsmart.se/sites/se/files/styles/product_teaser/public/products/san_marinade_ginger_lemon_75g.png?itok=Qk3qy-Ne, https://cdn2.matsmart.se/sites/se/files/styles/product_teaser_2x/public/products/san_marinade_ginger_lemon_75g.png?itok=BrV8TNci 2x" alt="product" title="Parasta ennen: 14.11.2020" loading="lazy"></div><div class="product-item-price"><div property="offers" typeof="Offer" class="product-item-multi-price-wrapper"><meta property="availability" href="http://schema.org/InStock"><meta property="url" content="https://matsmart.fiundefined"><span class="product-item-multi-price-label">3kpl</span><div class="product-item-price-numbers product-item-price-numbers--multi-price product-item-price-numbers--FI"><span property="price" content="2" class="product-price-title">2</span><meta property="priceCurrency" content="EUR"><span class="product-price-title medium">€</span></div><span content="0.75" class="product-item-multi-price-single-price">0,75&nbsp;€/kpl</span></div></div></div><div class="product-grid-item-container product-grid-item-label-header"><span class="label">Grillimarinadi Inkivääri &amp; Sitruuna</span><span class="brand-and-weight">Santa Maria | 75 g</span></div></a></div><div class="actions-container"><div class="favorite-button"><button class="create-favorite-button">Tallenna</button></div><div class="savings-container"><div class="saved-amount"><span>Säästät </span><span>1,60&nbsp;€/3 kpl</span></div><div class="savings-info"><span class="savings-percentage">-44%</span><p class="product-item-old-price"><span class="product-item-old-price line-through">1,20&nbsp;€/kpl</span></p></div></div><div class="buy-box-container"><div class="buy-box"><button class="buy-button"><span class="buy-button-label">Osta</span><svg class="buy-button-checkmark" x="0px" y="0px" width="32px" height="32px" viewBox="0 0 32 32"><path class="buy-button-checkmark-path" stroke-dasharray="19.79 19.79" stroke-dashoffset="19.79" fill="none" stroke="#FFFFFF" stroke-width="2" stroke-linecap="square" stroke-miterlimit="10" d="M9,17l3.9,3.9c0.1,0.1,0.2,0.1,0.3,0L23,11"></path></svg></button></div></div></div></li><li class="product-item product-grid-item product-item--grid2 product-item--FI"><div><a class="product-item-link" href="https://www.matsmart.fi/"><div class="product-grid-item-container"><div class="product-grid-item-image-col"><img src="./tea_files/san_rub_ribs_30g.png" srcset="https://cdn4.matsmart.se/sites/se/files/styles/product_teaser/public/products/san_rub_ribs_30g.png?itok=zTyc0TDt, https://cdn4.matsmart.se/sites/se/files/styles/product_teaser_2x/public/products/san_rub_ribs_30g.png?itok=pxJ2IO2n 2x" alt="product" title="Parasta ennen: 08.01.2021" loading="lazy"></div><div class="product-item-price"><div property="offers" typeof="Offer" class="product-item-multi-price-wrapper"><meta property="availability" href="http://schema.org/InStock"><meta property="url" content="https://matsmart.fiundefined"><span class="product-item-multi-price-label">3kpl</span><div class="product-item-price-numbers product-item-price-numbers--multi-price product-item-price-numbers--FI"><span property="price" content="2" class="product-price-title">2</span><meta property="priceCurrency" content="EUR"><span class="product-price-title medium">€</span></div><span content="0.9" class="product-item-multi-price-single-price">0,90&nbsp;€/kpl</span></div></div></div><div class="product-grid-item-container product-grid-item-label-header"><span class="label">Mausteseos Ribs</span><span class="brand-and-weight">Santa Maria | 30 g</span></div></a></div><div class="actions-container"><div class="favorite-button"><button class="create-favorite-button">Tallenna</button></div><div class="savings-container"><div class="saved-amount"><span>Säästät </span><span>1,60&nbsp;€/3 kpl</span></div><div class="savings-info"><span class="savings-percentage">-44%</span><p class="product-item-old-price"><span class="product-item-old-price line-through">1,20&nbsp;€/kpl</span></p></div></div><div class="buy-box-container"><div class="buy-box"><button class="buy-button"><span class="buy-button-label">Osta</span><svg class="buy-button-checkmark" x="0px" y="0px" width="32px" height="32px" viewBox="0 0 32 32"><path class="buy-button-checkmark-path" stroke-dasharray="19.79 19.79" stroke-dashoffset="19.79" fill="none" stroke="#FFFFFF" stroke-width="2" stroke-linecap="square" stroke-miterlimit="10" d="M9,17l3.9,3.9c0.1,0.1,0.2,0.1,0.3,0L23,11"></path></svg></button></div></div></div></li><li class="product-item product-grid-item product-item--grid2 product-item--FI"><div><a class="product-item-link" href="https://www.matsmart.fi/suodatinkahvi-kasenga"><div class="product-grid-item-container"><div class="product-grid-item-image-col"><img src="./tea_files/rutasoka_kasenga_bryggmalet_ny.jpg" srcset="https://cdn1.matsmart.se/sites/se/files/styles/product_teaser/public/products/rutasoka_kasenga_bryggmalet_ny.jpg?itok=l-s-bChQ, https://cdn1.matsmart.se/sites/se/files/styles/product_teaser_2x/public/products/rutasoka_kasenga_bryggmalet_ny.jpg?itok=OYcEALcA 2x" alt="product" title="Parasta ennen: 27.08.2021" loading="lazy"><div class="eco-badge-icon">LUOMU</div></div><div class="product-item-price"><div property="offers" typeof="Offer" class="product-item-price-numbers product-item-price-numbers--FI"><meta property="availability" href="http://schema.org/InStock"><meta property="url" content="https://matsmart.fiundefined"><meta property="priceCurrency" content="EUR"><span property="price" content="7.99" class="product-price-title">7,99</span><span class="product-price-title medium">€</span></div></div></div><div class="product-grid-item-container product-grid-item-label-header"><span class="label">Suodatinkahvi Kasenga</span><span class="brand-and-weight">Rutasoka | 450g</span></div></a></div><div class="actions-container"><div class="favorite-button"><button class="create-favorite-button">Tallenna</button></div><div class="savings-container"><div class="saved-amount"><span>Säästät </span><span>2,91&nbsp;€</span></div><div class="savings-info"><span class="savings-percentage">-27%</span><p class="product-item-old-price"><span class="product-item-old-price line-through">10,90&nbsp;€/kpl</span></p></div></div><div class="buy-box-container"><div class="buy-box"><button class="buy-button"><span class="buy-button-label">Osta</span><svg class="buy-button-checkmark" x="0px" y="0px" width="32px" height="32px" viewBox="0 0 32 32"><path class="buy-button-checkmark-path" stroke-dasharray="19.79 19.79" stroke-dashoffset="19.79" fill="none" stroke="#FFFFFF" stroke-width="2" stroke-linecap="square" stroke-miterlimit="10" d="M9,17l3.9,3.9c0.1,0.1,0.2,0.1,0.3,0L23,11"></path></svg></button></div></div></div></li><li class="product-item product-grid-item product-item--grid2 product-item--FI"><div><a class="product-item-link" href="https://www.matsmart.fi/"><div class="product-grid-item-container"><div class="product-grid-item-image-col"><img src="./tea_files/aur_tilli-sitruunamajoneesi_250g.jpg" srcset="https://cdn2.matsmart.se/sites/se/files/styles/product_teaser/public/products/aur_tilli-sitruunamajoneesi_250g.jpg?itok=7xQ89Kc2, https://cdn2.matsmart.se/sites/se/files/styles/product_teaser_2x/public/products/aur_tilli-sitruunamajoneesi_250g.jpg?itok=DdGBPyvq 2x" alt="product" title="Parasta ennen: 15.10.2020" loading="lazy"></div><div class="product-item-price"><div property="offers" typeof="Offer" class="product-item-multi-price-wrapper"><meta property="availability" href="http://schema.org/InStock"><meta property="url" content="https://matsmart.fiundefined"><span class="product-item-multi-price-label">2kpl</span><div class="product-item-price-numbers product-item-price-numbers--multi-price product-item-price-numbers--FI"><span property="price" content="2" class="product-price-title">2</span><meta property="priceCurrency" content="EUR"><span class="product-price-title medium">€</span></div><span content="1.19" class="product-item-multi-price-single-price">1,19&nbsp;€/kpl</span></div></div></div><div class="product-grid-item-container product-grid-item-label-header"><span class="label">Majoneesi Tilli &amp; Sitruuna</span><span class="brand-and-weight">Auran | 250 g</span></div></a></div><div class="actions-container"><div class="favorite-button"><button class="create-favorite-button">Tallenna</button></div><div class="savings-container"><div class="saved-amount"><span>Säästät </span><span>2,58&nbsp;€/2 kpl</span></div><div class="savings-info"><span class="savings-percentage">-56%</span><p class="product-item-old-price"><span class="product-item-old-price line-through">2,29&nbsp;€/kpl</span></p></div></div><div class="buy-box-container"><div class="buy-box"><button class="buy-button"><span class="buy-button-label">Osta</span><svg class="buy-button-checkmark" x="0px" y="0px" width="32px" height="32px" viewBox="0 0 32 32"><path class="buy-button-checkmark-path" stroke-dasharray="19.79 19.79" stroke-dashoffset="19.79" fill="none" stroke="#FFFFFF" stroke-width="2" stroke-linecap="square" stroke-miterlimit="10" d="M9,17l3.9,3.9c0.1,0.1,0.2,0.1,0.3,0L23,11"></path></svg></button></div></div></div></li><li class="product-item product-grid-item product-item--grid2 product-item--FI"><div><a class="product-item-link" href="https://www.matsmart.fi/"><div class="product-grid-item-container"><div class="product-grid-item-image-col"><img src="./tea_files/polaretti_fruit.jpg" srcset="https://cdn3.matsmart.se/sites/se/files/styles/product_teaser/public/products/polaretti_fruit.jpg?itok=G6mcR5dB, https://cdn3.matsmart.se/sites/se/files/styles/product_teaser_2x/public/products/polaretti_fruit.jpg?itok=aiOoT-CN 2x" alt="product" title="Parasta ennen: 31.12.2021" loading="lazy"></div><div class="product-item-price"><div property="offers" typeof="Offer" class="product-item-multi-price-wrapper"><meta property="availability" href="http://schema.org/InStock"><meta property="url" content="https://matsmart.fiundefined"><span class="product-item-multi-price-label">2kpl</span><div class="product-item-price-numbers product-item-price-numbers--multi-price product-item-price-numbers--FI"><span property="price" content="3" class="product-price-title">3</span><meta property="priceCurrency" content="EUR"><span class="product-price-title medium">€</span></div><span content="1.69" class="product-item-multi-price-single-price">1,69&nbsp;€/kpl</span></div></div></div><div class="product-grid-item-container product-grid-item-label-header"><span class="label">Mehujää 10kpl</span><span class="brand-and-weight">dolfin | 10 x 40ml</span></div></a></div><div class="actions-container"><div class="favorite-button"><button class="create-favorite-button">Tallenna</button></div><div class="savings-container"><div class="saved-amount"><span>Säästät </span><span>0,98&nbsp;€/2 kpl</span></div><div class="savings-info"><span class="savings-percentage">-25%</span><p class="product-item-old-price"><span class="product-item-old-price line-through">1,99&nbsp;€/kpl</span></p></div></div><div class="buy-box-container"><div class="buy-box"><button class="buy-button"><span class="buy-button-label">Osta</span><svg class="buy-button-checkmark" x="0px" y="0px" width="32px" height="32px" viewBox="0 0 32 32"><path class="buy-button-checkmark-path" stroke-dasharray="19.79 19.79" stroke-dashoffset="19.79" fill="none" stroke="#FFFFFF" stroke-width="2" stroke-linecap="square" stroke-miterlimit="10" d="M9,17l3.9,3.9c0.1,0.1,0.2,0.1,0.3,0L23,11"></path></svg></button></div></div></div></li><li class="product-item product-grid-item product-item--grid2 product-item--FI"><div><a class="product-item-link" href="https://www.matsmart.fi/"><div class="product-grid-item-container"><div class="product-grid-item-image-col"><img src="./tea_files/burkmajonnas_latt.jpg" srcset="https://cdn4.matsmart.se/sites/se/files/styles/product_teaser/public/products/burkmajonnas_latt.jpg?itok=eMGe9Qx-, https://cdn4.matsmart.se/sites/se/files/styles/product_teaser_2x/public/products/burkmajonnas_latt.jpg?itok=XntLs1bs 2x" alt="product" title="Parasta ennen: 13.01.2021" loading="lazy"></div><div class="product-item-price"><div property="offers" typeof="Offer" class="product-item-price-numbers product-item-price-numbers--FI"><meta property="availability" href="http://schema.org/InStock"><meta property="url" content="https://matsmart.fiundefined"><meta property="priceCurrency" content="EUR"><span property="price" content="1.49" class="product-price-title">1,49</span><span class="product-price-title medium">€</span></div></div></div><div class="product-grid-item-container product-grid-item-label-header"><span class="label">Kevytmajoneesi</span><span class="brand-and-weight">Kavli | 460 g</span></div></a></div><div class="actions-container"><div class="favorite-button"><button class="create-favorite-button">Tallenna</button></div><div class="savings-container"><div class="saved-amount"><span>Säästät </span><span>0,40&nbsp;€</span></div><div class="savings-info"><span class="savings-percentage">-21%</span><p class="product-item-old-price"><span class="product-item-old-price line-through">1,89&nbsp;€/kpl</span></p></div></div><div class="buy-box-container"><div class="buy-box"><button class="buy-button"><span class="buy-button-label">Osta</span><svg class="buy-button-checkmark" x="0px" y="0px" width="32px" height="32px" viewBox="0 0 32 32"><path class="buy-button-checkmark-path" stroke-dasharray="19.79 19.79" stroke-dashoffset="19.79" fill="none" stroke="#FFFFFF" stroke-width="2" stroke-linecap="square" stroke-miterlimit="10" d="M9,17l3.9,3.9c0.1,0.1,0.2,0.1,0.3,0L23,11"></path></svg></button></div></div></div></li><li class="product-item product-grid-item product-item--grid2 product-item--FI"><div><a class="product-item-link" href="https://www.matsmart.fi/"><div class="product-grid-item-container"><div class="product-grid-item-image-col"><img src="./tea_files/santa_maria_sundried_tomato_paste.jpg" srcset="https://cdn4.matsmart.se/sites/se/files/styles/product_teaser/public/products/santa_maria_sundried_tomato_paste.jpg?itok=gvGUTzfU, https://cdn4.matsmart.se/sites/se/files/styles/product_teaser_2x/public/products/santa_maria_sundried_tomato_paste.jpg?itok=yPnoDvYU 2x" alt="product" title="Parasta ennen: 30.07.2021" loading="lazy"></div><div class="product-item-price"><div property="offers" typeof="Offer" class="product-item-price-numbers product-item-price-numbers--FI"><meta property="availability" href="http://schema.org/InStock"><meta property="url" content="https://matsmart.fiundefined"><meta property="priceCurrency" content="EUR"><span property="price" content="1.49" class="product-price-title">1,49</span><span class="product-price-title medium">€</span></div></div></div><div class="product-grid-item-container product-grid-item-label-header"><span class="label">Aurinkokuivattu Tomaattitahna</span><span class="brand-and-weight">Santa Maria | 80g</span></div></a></div><div class="actions-container"><div class="favorite-button"><button class="create-favorite-button">Tallenna</button></div><div class="savings-container"><div class="saved-amount"><span>Säästät </span><span>0,90&nbsp;€</span></div><div class="savings-info"><span class="savings-percentage">-38%</span><p class="product-item-old-price"><span class="product-item-old-price line-through">2,39&nbsp;€/kpl</span></p></div></div><div class="buy-box-container"><div class="buy-box"><button class="buy-button"><span class="buy-button-label">Osta</span><svg class="buy-button-checkmark" x="0px" y="0px" width="32px" height="32px" viewBox="0 0 32 32"><path class="buy-button-checkmark-path" stroke-dasharray="19.79 19.79" stroke-dashoffset="19.79" fill="none" stroke="#FFFFFF" stroke-width="2" stroke-linecap="square" stroke-miterlimit="10" d="M9,17l3.9,3.9c0.1,0.1,0.2,0.1,0.3,0L23,11"></path></svg></button></div></div></div></li><li class="product-item product-grid-item product-item--grid2 product-item--FI"><div><a class="product-item-link" href="https://www.matsmart.fi/"><div class="product-grid-item-container"><div class="product-grid-item-image-col"><img src="./tea_files/caj_p_bbq_oil_eko.jpg" srcset="https://cdn1.matsmart.se/sites/se/files/styles/product_teaser/public/products/caj_p_bbq_oil_eko.jpg?itok=GMcClBXM, https://cdn1.matsmart.se/sites/se/files/styles/product_teaser_2x/public/products/caj_p_bbq_oil_eko.jpg?itok=jZgmx1G8 2x" alt="product" title="Parasta ennen: 06.11.2020" loading="lazy"><div class="eco-badge-icon">LUOMU</div></div><div class="product-item-price"><div property="offers" typeof="Offer" class="product-item-multi-price-wrapper"><meta property="availability" href="http://schema.org/InStock"><meta property="url" content="https://matsmart.fiundefined"><span class="product-item-multi-price-label">2kpl</span><div class="product-item-price-numbers product-item-price-numbers--multi-price product-item-price-numbers--FI"><span property="price" content="3" class="product-price-title">3</span><meta property="priceCurrency" content="EUR"><span class="product-price-title medium">€</span></div><span content="1.69" class="product-item-multi-price-single-price">1,69&nbsp;€/kpl</span></div></div></div><div class="product-grid-item-container product-grid-item-label-header"><span class="label">Luomu BBQ-öljy </span><span class="brand-and-weight">Caj P | 250 ml</span></div></a></div><div class="actions-container"><div class="favorite-button"><button class="create-favorite-button">Tallenna</button></div><div class="savings-container"><div class="saved-amount"><span>Säästät </span><span>4,18&nbsp;€/2 kpl</span></div><div class="savings-info"><span class="savings-percentage">-58%</span><p class="product-item-old-price"><span class="product-item-old-price line-through">3,59&nbsp;€/kpl</span></p></div></div><div class="buy-box-container"><div class="buy-box"><button class="buy-button"><span class="buy-button-label">Osta</span><svg class="buy-button-checkmark" x="0px" y="0px" width="32px" height="32px" viewBox="0 0 32 32"><path class="buy-button-checkmark-path" stroke-dasharray="19.79 19.79" stroke-dashoffset="19.79" fill="none" stroke="#FFFFFF" stroke-width="2" stroke-linecap="square" stroke-miterlimit="10" d="M9,17l3.9,3.9c0.1,0.1,0.2,0.1,0.3,0L23,11"></path></svg></button></div></div></div></li><li class="product-item product-grid-item product-item--grid2 product-item--FI"><div><a class="product-item-link" href="https://www.matsmart.fi/"><div class="product-grid-item-container"><div class="product-grid-item-image-col"><img src="./tea_files/alk_dadelmassa_900g.jpg" srcset="https://cdn4.matsmart.se/sites/se/files/styles/product_teaser/public/products/alk_dadelmassa_900g.jpg?itok=PAOUfUsS, https://cdn4.matsmart.se/sites/se/files/styles/product_teaser_2x/public/products/alk_dadelmassa_900g.jpg?itok=c114PdsK 2x" alt="product" title="Parasta ennen: 16.10.2020" loading="lazy"></div><div class="product-item-price"><div property="offers" typeof="Offer" class="product-item-multi-price-wrapper"><meta property="availability" href="http://schema.org/InStock"><meta property="url" content="https://matsmart.fiundefined"><span class="product-item-multi-price-label">2kpl</span><div class="product-item-price-numbers product-item-price-numbers--multi-price product-item-price-numbers--FI"><span property="price" content="2" class="product-price-title">2</span><meta property="priceCurrency" content="EUR"><span class="product-price-title medium">€</span></div><span content="1.19" class="product-item-multi-price-single-price">1,19&nbsp;€/kpl</span></div></div></div><div class="product-grid-item-container product-grid-item-label-header"><span class="label">Taatelitahna</span><span class="brand-and-weight">alkaizhwan | 900 g</span></div></a></div><div class="actions-container"><div class="favorite-button"><button class="create-favorite-button">Tallenna</button></div><div class="savings-container"><div class="saved-amount"><span>Säästät </span><span>2,60&nbsp;€/2 kpl</span></div><div class="savings-info"><span class="savings-percentage">-57%</span><p class="product-item-old-price"><span class="product-item-old-price line-through">2,30&nbsp;€/kpl</span></p></div></div><div class="buy-box-container"><div class="buy-box"><button class="buy-button"><span class="buy-button-label">Osta</span><svg class="buy-button-checkmark" x="0px" y="0px" width="32px" height="32px" viewBox="0 0 32 32"><path class="buy-button-checkmark-path" stroke-dasharray="19.79 19.79" stroke-dashoffset="19.79" fill="none" stroke="#FFFFFF" stroke-width="2" stroke-linecap="square" stroke-miterlimit="10" d="M9,17l3.9,3.9c0.1,0.1,0.2,0.1,0.3,0L23,11"></path></svg></button></div></div></div></li><li class="product-item product-grid-item product-item--grid2 product-item--FI"><div><a class="product-item-link" href="https://www.matsmart.fi/"><div class="product-grid-item-container"><div class="product-grid-item-image-col"><img src="./tea_files/hellmans_yogurt_lime.jpg" srcset="https://cdn1.matsmart.se/sites/se/files/styles/product_teaser/public/products/hellmans_yogurt_lime.jpg?itok=i_zs_0wl, https://cdn1.matsmart.se/sites/se/files/styles/product_teaser_2x/public/products/hellmans_yogurt_lime.jpg?itok=J6CtEA3B 2x" alt="product" title="Parasta ennen: 25.03.2021" loading="lazy"></div><div class="product-item-price"><div property="offers" typeof="Offer" class="product-item-multi-price-wrapper"><meta property="availability" href="http://schema.org/InStock"><meta property="url" content="https://matsmart.fiundefined"><span class="product-item-multi-price-label">2kpl</span><div class="product-item-price-numbers product-item-price-numbers--multi-price product-item-price-numbers--FI"><span property="price" content="2" class="product-price-title">2</span><meta property="priceCurrency" content="EUR"><span class="product-price-title medium">€</span></div><span content="1.19" class="product-item-multi-price-single-price">1,19&nbsp;€/kpl</span></div></div></div><div class="product-grid-item-container product-grid-item-label-header"><span class="label">Salaatinkastike Jogurtti &amp; Lime</span><span class="brand-and-weight">Hellmann's | 210 ml</span></div></a></div><div class="actions-container"><div class="favorite-button"><button class="create-favorite-button">Tallenna</button></div><div class="savings-container"><div class="saved-amount"><span>Säästät </span><span>1,10&nbsp;€/2 kpl</span></div><div class="savings-info"><span class="savings-percentage">-35%</span><p class="product-item-old-price"><span class="product-item-old-price line-through">1,55&nbsp;€/kpl</span></p></div></div><div class="buy-box-container"><div class="buy-box"><button class="buy-button"><span class="buy-button-label">Osta</span><svg class="buy-button-checkmark" x="0px" y="0px" width="32px" height="32px" viewBox="0 0 32 32"><path class="buy-button-checkmark-path" stroke-dasharray="19.79 19.79" stroke-dashoffset="19.79" fill="none" stroke="#FFFFFF" stroke-width="2" stroke-linecap="square" stroke-miterlimit="10" d="M9,17l3.9,3.9c0.1,0.1,0.2,0.1,0.3,0L23,11"></path></svg></button></div></div></div></li><li class="product-item product-grid-item product-item--grid2 product-item--FI"><div><a class="product-item-link" href="https://www.matsmart.fi/"><div class="product-grid-item-container"><div class="product-grid-item-image-col"><img src="./tea_files/knorr_hollandaise_ny.jpg" srcset="https://cdn4.matsmart.se/sites/se/files/styles/product_teaser/public/products/knorr_hollandaise_ny.jpg?itok=NJMcn8f5, https://cdn4.matsmart.se/sites/se/files/styles/product_teaser_2x/public/products/knorr_hollandaise_ny.jpg?itok=HmWhCvtE 2x" alt="product" title="Parasta ennen: 13.08.2020" loading="lazy"></div><div class="product-item-price"><div property="offers" typeof="Offer" class="product-item-multi-price-wrapper"><meta property="availability" href="http://schema.org/InStock"><meta property="url" content="https://matsmart.fiundefined"><span class="product-item-multi-price-label">2kpl</span><div class="product-item-price-numbers product-item-price-numbers--multi-price product-item-price-numbers--FI"><span property="price" content="3" class="product-price-title">3</span><meta property="priceCurrency" content="EUR"><span class="product-price-title medium">€</span></div><span content="1.69" class="product-item-multi-price-single-price">1,69&nbsp;€/kpl</span></div></div></div><div class="product-grid-item-container product-grid-item-label-header"><span class="label">Hollandaisekastike</span><span class="brand-and-weight">Knorr | 300 ml</span></div></a></div><div class="actions-container"><div class="favorite-button"><button class="create-favorite-button">Tallenna</button></div><div class="savings-container"><div class="saved-amount"><span>Säästät </span><span>0,98&nbsp;€/2 kpl</span></div><div class="savings-info"><span class="savings-percentage">-25%</span><p class="product-item-old-price"><span class="product-item-old-price line-through">1,99&nbsp;€/kpl</span></p></div></div><div class="buy-box-container"><div class="buy-box"><button class="buy-button"><span class="buy-button-label">Osta</span><svg class="buy-button-checkmark" x="0px" y="0px" width="32px" height="32px" viewBox="0 0 32 32"><path class="buy-button-checkmark-path" stroke-dasharray="19.79 19.79" stroke-dashoffset="19.79" fill="none" stroke="#FFFFFF" stroke-width="2" stroke-linecap="square" stroke-miterlimit="10" d="M9,17l3.9,3.9c0.1,0.1,0.2,0.1,0.3,0L23,11"></path></svg></button></div></div></div></li><li class="product-item product-grid-item product-item--grid2 product-item--FI"><div><a class="product-item-link" href="https://www.matsmart.fi/lipton-jaateejuomajauhe-persikka"><div class="product-grid-item-container"><div class="product-grid-item-image-col"><img src="./tea_files/lip_lipton_ice_tea_peach_x18_50g_.jpg" srcset="https://cdn4.matsmart.se/sites/se/files/styles/product_teaser/public/products/lip_lipton_ice_tea_peach_x18_50g_.jpg?itok=VMM9X4J4, https://cdn4.matsmart.se/sites/se/files/styles/product_teaser_2x/public/products/lip_lipton_ice_tea_peach_x18_50g_.jpg?itok=8TwabqNC 2x" alt="product" title="Parasta ennen: 31.05.2021" loading="lazy"></div><div class="product-item-price"><div property="offers" typeof="Offer" class="product-item-multi-price-wrapper"><meta property="availability" href="http://schema.org/InStock"><meta property="url" content="https://matsmart.fiundefined"><span class="product-item-multi-price-label">4kpl</span><div class="product-item-price-numbers product-item-price-numbers--multi-price product-item-price-numbers--FI"><span property="price" content="2" class="product-price-title">2</span><meta property="priceCurrency" content="EUR"><span class="product-price-title medium">€</span></div><span content="0.6" class="product-item-multi-price-single-price">0,60&nbsp;€/kpl</span></div></div></div><div class="product-grid-item-container product-grid-item-label-header"><span class="label">Lipton Jääteejuomajauhe Persikka</span><span class="brand-and-weight">Lipton | 50g</span></div></a></div><div class="actions-container"><div class="favorite-button"><button class="create-favorite-button">Tallenna</button></div><div class="savings-container"><div class="saved-amount"><span>Säästät </span><span>1,96&nbsp;€/4 kpl</span></div><div class="savings-info"><span class="savings-percentage">-49%</span><p class="product-item-old-price"><span class="product-item-old-price line-through">0,99&nbsp;€/kpl</span></p></div></div><div class="buy-box-container"><div class="buy-box"><button class="buy-button"><span class="buy-button-label">Osta</span><svg class="buy-button-checkmark" x="0px" y="0px" width="32px" height="32px" viewBox="0 0 32 32"><path class="buy-button-checkmark-path" stroke-dasharray="19.79 19.79" stroke-dashoffset="19.79" fill="none" stroke="#FFFFFF" stroke-width="2" stroke-linecap="square" stroke-miterlimit="10" d="M9,17l3.9,3.9c0.1,0.1,0.2,0.1,0.3,0L23,11"></path></svg></button></div></div></div></li><li class="product-item product-grid-item product-item--grid2 product-item--FI"><div><a class="product-item-link" href="https://www.matsmart.fi/"><div class="product-grid-item-container"><div class="product-grid-item-image-col"><img src="./tea_files/havregott_0.jpg" srcset="https://cdn3.matsmart.se/sites/se/files/styles/product_teaser/public/products/havregott_0.jpg?itok=RaLMPaE-, https://cdn3.matsmart.se/sites/se/files/styles/product_teaser_2x/public/products/havregott_0.jpg?itok=I2aEwzo9 2x" alt="product" title="Parasta ennen: 06.01.2021" loading="lazy"></div><div class="product-item-price"><div property="offers" typeof="Offer" class="product-item-price-numbers product-item-price-numbers--FI"><meta property="availability" href="http://schema.org/InStock"><meta property="url" content="https://matsmart.fiundefined"><meta property="priceCurrency" content="EUR"><span property="price" content="2.99" class="product-price-title">2,99</span><span class="product-price-title medium">€</span></div></div></div><div class="product-grid-item-container product-grid-item-label-header"><span class="label">Kauramurot Mustikka</span><span class="brand-and-weight">Axa | 350g</span></div></a></div><div class="actions-container"><div class="favorite-button"><button class="create-favorite-button">Tallenna</button></div><div class="savings-container"><div class="saved-amount"><span>Säästät </span><span>1,00&nbsp;€</span></div><div class="savings-info"><span class="savings-percentage">-25%</span><p class="product-item-old-price"><span class="product-item-old-price line-through">3,99&nbsp;€/kpl</span></p></div></div><div class="buy-box-container"><div class="buy-box"><button class="buy-button"><span class="buy-button-label">Osta</span><svg class="buy-button-checkmark" x="0px" y="0px" width="32px" height="32px" viewBox="0 0 32 32"><path class="buy-button-checkmark-path" stroke-dasharray="19.79 19.79" stroke-dashoffset="19.79" fill="none" stroke="#FFFFFF" stroke-width="2" stroke-linecap="square" stroke-miterlimit="10" d="M9,17l3.9,3.9c0.1,0.1,0.2,0.1,0.3,0L23,11"></path></svg></button></div></div></div></li><li class="product-item product-grid-item product-item--grid2 product-item--FI"><div><a class="product-item-link" href="https://www.matsmart.fi/"><div class="product-grid-item-container"><div class="product-grid-item-image-col"><img src="./tea_files/heinz_seriosly_good_mayo_480ml.jpg" srcset="https://cdn1.matsmart.se/sites/se/files/styles/product_teaser/public/products/heinz_seriosly_good_mayo_480ml.jpg?itok=I4apnQJI, https://cdn1.matsmart.se/sites/se/files/styles/product_teaser_2x/public/products/heinz_seriosly_good_mayo_480ml.jpg?itok=BWxWjj-B 2x" alt="product" title="Parasta ennen: 01.03.2021" loading="lazy"></div><div class="product-item-price"><div property="offers" typeof="Offer" class="product-item-multi-price-wrapper"><meta property="availability" href="http://schema.org/InStock"><meta property="url" content="https://matsmart.fiundefined"><span class="product-item-multi-price-label">2kpl</span><div class="product-item-price-numbers product-item-price-numbers--multi-price product-item-price-numbers--FI"><span property="price" content="3" class="product-price-title">3</span><meta property="priceCurrency" content="EUR"><span class="product-price-title medium">€</span></div><span content="1.69" class="product-item-multi-price-single-price">1,69&nbsp;€/kpl</span></div></div></div><div class="product-grid-item-container product-grid-item-label-header"><span class="label">Majoneesi Seriously Good</span><span class="brand-and-weight">Heinz | 480ml</span></div></a></div><div class="actions-container"><div class="favorite-button"><button class="create-favorite-button">Tallenna</button></div><div class="savings-container"><div class="saved-amount"><span>Säästät </span><span>7,24&nbsp;€/2 kpl</span></div><div class="savings-info"><span class="savings-percentage">-71%</span><p class="product-item-old-price"><span class="product-item-old-price line-through">5,12&nbsp;€/kpl</span></p></div></div><div class="buy-box-container"><div class="buy-box"><button class="buy-button"><span class="buy-button-label">Osta</span><svg class="buy-button-checkmark" x="0px" y="0px" width="32px" height="32px" viewBox="0 0 32 32"><path class="buy-button-checkmark-path" stroke-dasharray="19.79 19.79" stroke-dashoffset="19.79" fill="none" stroke="#FFFFFF" stroke-width="2" stroke-linecap="square" stroke-miterlimit="10" d="M9,17l3.9,3.9c0.1,0.1,0.2,0.1,0.3,0L23,11"></path></svg></button></div></div></div></li><li class="product-item product-grid-item product-item--grid2 product-item--FI"><div><a class="product-item-link" href="https://www.matsmart.fi/luomu-vihrea-tee-0"><div class="product-grid-item-container"><div class="product-grid-item-image-col"><img src="./tea_files/fou_gront_neutralt_eko_fairtrade_16p_eko.jpg" srcset="https://cdn1.matsmart.se/sites/se/files/styles/product_teaser/public/products/fou_gront_neutralt_eko_fairtrade_16p_eko.jpg?itok=BRvYNKE1, https://cdn1.matsmart.se/sites/se/files/styles/product_teaser_2x/public/products/fou_gront_neutralt_eko_fairtrade_16p_eko.jpg?itok=BUn3aulT 2x" alt="product" title="Parasta ennen: 30.03.2022" loading="lazy"><div class="eco-badge-icon">LUOMU</div></div><div class="product-item-price"><div property="offers" typeof="Offer" class="product-item-price-numbers product-item-price-numbers--FI"><meta property="availability" href="http://schema.org/InStock"><meta property="url" content="https://matsmart.fiundefined"><meta property="priceCurrency" content="EUR"><span property="price" content="2.99" class="product-price-title">2,99</span><span class="product-price-title medium">€</span></div></div></div><div class="product-grid-item-container product-grid-item-label-header"><span class="label">Luomu Vihreä Tee</span><span class="brand-and-weight">Four oClock | 27,2 g</span></div></a></div><div class="actions-container"><div class="favorite-button"><button class="create-favorite-button">Tallenna</button></div><div class="savings-container"><div class="saved-amount"><span>Säästät </span><span>1,71&nbsp;€</span></div><div class="savings-info"><span class="savings-percentage">-36%</span><p class="product-item-old-price"><span class="product-item-old-price line-through">4,70&nbsp;€/kpl</span></p></div></div><div class="buy-box-container"><div class="buy-box"><button class="buy-button"><span class="buy-button-label">Osta</span><svg class="buy-button-checkmark" x="0px" y="0px" width="32px" height="32px" viewBox="0 0 32 32"><path class="buy-button-checkmark-path" stroke-dasharray="19.79 19.79" stroke-dashoffset="19.79" fill="none" stroke="#FFFFFF" stroke-width="2" stroke-linecap="square" stroke-miterlimit="10" d="M9,17l3.9,3.9c0.1,0.1,0.2,0.1,0.3,0L23,11"></path></svg></button></div></div></div></li><li class="product-item product-grid-item product-item--grid2 product-item--FI"><div><a class="product-item-link" href="https://www.matsmart.fi/suodatinkahvi-professional"><div class="product-grid-item-container"><div class="product-grid-item-image-col"><img src="./tea_files/lof_professional_light_grinding_15_rac_250g_.jpg" srcset="https://cdn2.matsmart.se/sites/se/files/styles/product_teaser/public/products/lof_professional_light_grinding_15_rac_250g_.jpg?itok=26snP0w4, https://cdn2.matsmart.se/sites/se/files/styles/product_teaser_2x/public/products/lof_professional_light_grinding_15_rac_250g_.jpg?itok=d650OVHu 2x" alt="product" title="Parasta ennen: 05.09.2020" loading="lazy"></div><div class="product-item-price"><div property="offers" typeof="Offer" class="product-item-price-numbers product-item-price-numbers--FI"><meta property="availability" href="http://schema.org/InStock"><meta property="url" content="https://matsmart.fiundefined"><meta property="priceCurrency" content="EUR"><span property="price" content="1.99" class="product-price-title">1,99</span><span class="product-price-title medium">€</span></div></div></div><div class="product-grid-item-container product-grid-item-label-header"><span class="label">Suodatinkahvi Professional</span><span class="brand-and-weight">Löfbergs Lila | 250g</span></div></a></div><div class="actions-container"><div class="favorite-button"><button class="create-favorite-button">Tallenna</button></div><div class="savings-container"><div class="saved-amount"><span>Säästät </span><span>1,50&nbsp;€</span></div><div class="savings-info"><span class="savings-percentage">-43%</span><p class="product-item-old-price"><span class="product-item-old-price line-through">3,49&nbsp;€/kpl</span></p></div></div><div class="buy-box-container"><div class="buy-box"><button class="buy-button"><span class="buy-button-label">Osta</span><svg class="buy-button-checkmark" x="0px" y="0px" width="32px" height="32px" viewBox="0 0 32 32"><path class="buy-button-checkmark-path" stroke-dasharray="19.79 19.79" stroke-dashoffset="19.79" fill="none" stroke="#FFFFFF" stroke-width="2" stroke-linecap="square" stroke-miterlimit="10" d="M9,17l3.9,3.9c0.1,0.1,0.2,0.1,0.3,0L23,11"></path></svg></button></div></div></div></li><li class="product-item product-grid-item product-item--grid2 product-item--FI"><div><a class="product-item-link" href="https://www.matsmart.fi/pikakahvi-sumatra"><div class="product-grid-item-container"><div class="product-grid-item-image-col"><img src="./tea_files/nes_sumatra_pikakahvi_100g.jpg" srcset="https://cdn4.matsmart.se/sites/se/files/styles/product_teaser/public/products/nes_sumatra_pikakahvi_100g.jpg?itok=DUfuXTLT, https://cdn4.matsmart.se/sites/se/files/styles/product_teaser_2x/public/products/nes_sumatra_pikakahvi_100g.jpg?itok=o3bAQCA3 2x" alt="product" title="Parasta ennen: 28.02.2021" loading="lazy"></div><div class="product-item-price"><div property="offers" typeof="Offer" class="product-item-price-numbers product-item-price-numbers--FI"><meta property="availability" href="http://schema.org/InStock"><meta property="url" content="https://matsmart.fiundefined"><meta property="priceCurrency" content="EUR"><span property="price" content="3.49" class="product-price-title">3,49</span><span class="product-price-title medium">€</span></div></div></div><div class="product-grid-item-container product-grid-item-label-header"><span class="label">Pikakahvi Sumatra</span><span class="brand-and-weight">nescafe | 100g</span></div></a></div><div class="actions-container"><div class="favorite-button"><button class="create-favorite-button">Tallenna</button></div><div class="savings-container"><div class="saved-amount"><span>Säästät </span><span>1,46&nbsp;€</span></div><div class="savings-info"><span class="savings-percentage">-29%</span><p class="product-item-old-price"><span class="product-item-old-price line-through">4,95&nbsp;€/kpl</span></p></div></div><div class="buy-box-container"><div class="buy-box"><button class="buy-button"><span class="buy-button-label">Osta</span><svg class="buy-button-checkmark" x="0px" y="0px" width="32px" height="32px" viewBox="0 0 32 32"><path class="buy-button-checkmark-path" stroke-dasharray="19.79 19.79" stroke-dashoffset="19.79" fill="none" stroke="#FFFFFF" stroke-width="2" stroke-linecap="square" stroke-miterlimit="10" d="M9,17l3.9,3.9c0.1,0.1,0.2,0.1,0.3,0L23,11"></path></svg></button></div></div></div></li><li class="product-item product-grid-item product-item--grid2 product-item--FI"><div><a class="product-item-link" href="https://www.matsmart.fi/"><div class="product-grid-item-container"><div class="product-grid-item-image-col"><img src="./tea_files/pitmasters_choice_bbq_front.jpg" srcset="https://cdn2.matsmart.se/sites/se/files/styles/product_teaser/public/products/pitmasters_choice_bbq_front.jpg?itok=51GIAtJM, https://cdn2.matsmart.se/sites/se/files/styles/product_teaser_2x/public/products/pitmasters_choice_bbq_front.jpg?itok=B0apUSZ2 2x" alt="product" title="Parasta ennen: 31.10.2020" loading="lazy"></div><div class="product-item-price"><div property="offers" typeof="Offer" class="product-item-price-numbers product-item-price-numbers--FI"><meta property="availability" href="http://schema.org/InStock"><meta property="url" content="https://matsmart.fiundefined"><meta property="priceCurrency" content="EUR"><span property="price" content="4.49" class="product-price-title">4,49</span><span class="product-price-title medium">€</span></div></div></div><div class="product-grid-item-container product-grid-item-label-header"><span class="label">BBQ Pitmaster's Choice</span><span class="brand-and-weight">Pit Stop BBQ | 650g</span></div></a></div><div class="actions-container"><div class="favorite-button"><button class="create-favorite-button">Tallenna</button></div><div class="savings-container"><div class="saved-amount"><span>Säästät </span><span>2,41&nbsp;€</span></div><div class="savings-info"><span class="savings-percentage">-35%</span><p class="product-item-old-price"><span class="product-item-old-price line-through">6,90&nbsp;€/kpl</span></p></div></div><div class="buy-box-container"><div class="buy-box"><button class="buy-button"><span class="buy-button-label">Osta</span><svg class="buy-button-checkmark" x="0px" y="0px" width="32px" height="32px" viewBox="0 0 32 32"><path class="buy-button-checkmark-path" stroke-dasharray="19.79 19.79" stroke-dashoffset="19.79" fill="none" stroke="#FFFFFF" stroke-width="2" stroke-linecap="square" stroke-miterlimit="10" d="M9,17l3.9,3.9c0.1,0.1,0.2,0.1,0.3,0L23,11"></path></svg></button></div></div></div></li><li class="product-item product-grid-item product-item--grid2 product-item--FI"><div><a class="product-item-link" href="https://www.matsmart.fi/"><div class="product-grid-item-container"><div class="product-grid-item-image-col"><img src="./tea_files/hellmans_light_mayonnaise_front.jpg" srcset="https://cdn1.matsmart.se/sites/se/files/styles/product_teaser/public/products/hellmans_light_mayonnaise_front.jpg?itok=BZXCirhU, https://cdn1.matsmart.se/sites/se/files/styles/product_teaser_2x/public/products/hellmans_light_mayonnaise_front.jpg?itok=UTsgEmGN 2x" alt="product" title="Parasta ennen: 13.07.2020" loading="lazy"></div><div class="product-item-price"><div property="offers" typeof="Offer" class="product-item-price-numbers product-item-price-numbers--FI"><meta property="availability" href="http://schema.org/InStock"><meta property="url" content="https://matsmart.fiundefined"><meta property="priceCurrency" content="EUR"><span property="price" content="1.99" class="product-price-title">1,99</span><span class="product-price-title medium">€</span></div></div></div><div class="product-grid-item-container product-grid-item-label-header"><span class="label">Majoneesi kevyt</span><span class="brand-and-weight">Hellmann's | 400 g</span></div></a></div><div class="actions-container"><div class="favorite-button"><button class="create-favorite-button">Tallenna</button></div><div class="savings-container"><div class="saved-amount"><span>Säästät </span><span>1,00&nbsp;€</span></div><div class="savings-info"><span class="savings-percentage">-33%</span><p class="product-item-old-price"><span class="product-item-old-price line-through">2,99&nbsp;€/kpl</span></p></div></div><div class="buy-box-container"><div class="buy-box"><button class="buy-button"><span class="buy-button-label">Osta</span><svg class="buy-button-checkmark" x="0px" y="0px" width="32px" height="32px" viewBox="0 0 32 32"><path class="buy-button-checkmark-path" stroke-dasharray="19.79 19.79" stroke-dashoffset="19.79" fill="none" stroke="#FFFFFF" stroke-width="2" stroke-linecap="square" stroke-miterlimit="10" d="M9,17l3.9,3.9c0.1,0.1,0.2,0.1,0.3,0L23,11"></path></svg></button></div></div></div></li><li class="product-item product-grid-item product-item--grid2 product-item--FI"><div><a class="product-item-link" href="https://www.matsmart.fi/"><div class="product-grid-item-container"><div class="product-grid-item-image-col"><img src="./tea_files/tur_turun_sinappia_tulinen_275g.jpg" srcset="https://cdn4.matsmart.se/sites/se/files/styles/product_teaser/public/products/tur_turun_sinappia_tulinen_275g.jpg?itok=GM6EoIDw, https://cdn4.matsmart.se/sites/se/files/styles/product_teaser_2x/public/products/tur_turun_sinappia_tulinen_275g.jpg?itok=AyibmgWm 2x" alt="product" title="Parasta ennen: 08.08.2020" loading="lazy"></div><div class="product-item-price"><div property="offers" typeof="Offer" class="product-item-multi-price-wrapper"><meta property="availability" href="http://schema.org/InStock"><meta property="url" content="https://matsmart.fiundefined"><span class="product-item-multi-price-label">3kpl</span><div class="product-item-price-numbers product-item-price-numbers--multi-price product-item-price-numbers--FI"><span property="price" content="3" class="product-price-title">3</span><meta property="priceCurrency" content="EUR"><span class="product-price-title medium">€</span></div><span content="1.19" class="product-item-multi-price-single-price">1,19&nbsp;€/kpl</span></div></div></div><div class="product-grid-item-container product-grid-item-label-header"><span class="label">Tulinen sinappi</span><span class="brand-and-weight">Turun Sinappi | 275g</span></div></a></div><div class="actions-container"><div class="favorite-button"><button class="create-favorite-button">Tallenna</button></div><div class="savings-container"><div class="saved-amount"><span>Säästät </span><span>1,74&nbsp;€/3 kpl</span></div><div class="savings-info"><span class="savings-percentage">-37%</span><p class="product-item-old-price"><span class="product-item-old-price line-through">1,58&nbsp;€/kpl</span></p></div></div><div class="buy-box-container"><div class="buy-box"><button class="buy-button"><span class="buy-button-label">Osta</span><svg class="buy-button-checkmark" x="0px" y="0px" width="32px" height="32px" viewBox="0 0 32 32"><path class="buy-button-checkmark-path" stroke-dasharray="19.79 19.79" stroke-dashoffset="19.79" fill="none" stroke="#FFFFFF" stroke-width="2" stroke-linecap="square" stroke-miterlimit="10" d="M9,17l3.9,3.9c0.1,0.1,0.2,0.1,0.3,0L23,11"></path></svg></button></div></div></div></li><li class="product-item product-grid-item product-item--grid2 product-item--FI"><div><a class="product-item-link" href="https://www.matsmart.fi/"><div class="product-grid-item-container"><div class="product-grid-item-image-col"><img src="./tea_files/hellmanns_hummus_style.jpg" srcset="https://cdn4.matsmart.se/sites/se/files/styles/product_teaser/public/products/hellmanns_hummus_style.jpg?itok=enE-lZ0G, https://cdn4.matsmart.se/sites/se/files/styles/product_teaser_2x/public/products/hellmanns_hummus_style.jpg?itok=3oEra_Un 2x" alt="product" title="Parasta ennen: 30.08.2020" loading="lazy"></div><div class="product-item-price"><div property="offers" typeof="Offer" class="product-item-multi-price-wrapper"><meta property="availability" href="http://schema.org/InStock"><meta property="url" content="https://matsmart.fiundefined"><span class="product-item-multi-price-label">3kpl</span><div class="product-item-price-numbers product-item-price-numbers--multi-price product-item-price-numbers--FI"><span property="price" content="4" class="product-price-title">4</span><meta property="priceCurrency" content="EUR"><span class="product-price-title medium">€</span></div><span content="1.39" class="product-item-multi-price-single-price">1,39&nbsp;€/kpl</span></div></div></div><div class="product-grid-item-container product-grid-item-label-header"><span class="label">Kastike Hummus </span><span class="brand-and-weight">Hellmann's | 215ml</span></div></a></div><div class="actions-container"><div class="favorite-button"><button class="create-favorite-button">Tallenna</button></div><div class="savings-container"><div class="saved-amount"><span>Säästät </span><span>4,67&nbsp;€/3 kpl</span></div><div class="savings-info"><span class="savings-percentage">-54%</span><p class="product-item-old-price"><span class="product-item-old-price line-through">2,89&nbsp;€/kpl</span></p></div></div><div class="buy-box-container"><div class="buy-box"><button class="buy-button"><span class="buy-button-label">Osta</span><svg class="buy-button-checkmark" x="0px" y="0px" width="32px" height="32px" viewBox="0 0 32 32"><path class="buy-button-checkmark-path" stroke-dasharray="19.79 19.79" stroke-dashoffset="19.79" fill="none" stroke="#FFFFFF" stroke-width="2" stroke-linecap="square" stroke-miterlimit="10" d="M9,17l3.9,3.9c0.1,0.1,0.2,0.1,0.3,0L23,11"></path></svg></button></div></div></div></li><li class="product-item product-grid-item product-item--grid2 product-item--FI"><div><a class="product-item-link" href="https://www.matsmart.fi/"><div class="product-grid-item-container"><div class="product-grid-item-image-col"><img src="./tea_files/bonduelle_pepites_kikartor_majs.jpg" srcset="https://cdn1.matsmart.se/sites/se/files/styles/product_teaser/public/products/bonduelle_pepites_kikartor_majs.jpg?itok=2RhGczWW, https://cdn1.matsmart.se/sites/se/files/styles/product_teaser_2x/public/products/bonduelle_pepites_kikartor_majs.jpg?itok=wyu6tiJI 2x" alt="product" title="Parasta ennen: 30.11.2020" loading="lazy"></div><div class="product-item-price"><div property="offers" typeof="Offer" class="product-item-price-numbers product-item-price-numbers--FI"><meta property="availability" href="http://schema.org/InStock"><meta property="url" content="https://matsmart.fiundefined"><meta property="priceCurrency" content="EUR"><span property="price" content="3.99" class="product-price-title">3,99</span><span class="product-price-title medium">€</span></div></div></div><div class="product-grid-item-container product-grid-item-label-header"><span class="label">Pepites Kikherne &amp; Maissi</span><span class="brand-and-weight">Bonduelle | 1kg</span></div></a></div><div class="actions-container"><div class="favorite-button"><button class="create-favorite-button">Tallenna</button></div><div class="savings-container"><div class="saved-amount"><span>Säästät </span><span>8,00&nbsp;€</span></div><div class="savings-info"><span class="savings-percentage">-67%</span><p class="product-item-old-price"><span class="product-item-old-price line-through">11,99&nbsp;€/kpl</span></p></div></div><div class="buy-box-container"><div class="buy-box"><button class="buy-button"><span class="buy-button-label">Osta</span><svg class="buy-button-checkmark" x="0px" y="0px" width="32px" height="32px" viewBox="0 0 32 32"><path class="buy-button-checkmark-path" stroke-dasharray="19.79 19.79" stroke-dashoffset="19.79" fill="none" stroke="#FFFFFF" stroke-width="2" stroke-linecap="square" stroke-miterlimit="10" d="M9,17l3.9,3.9c0.1,0.1,0.2,0.1,0.3,0L23,11"></path></svg></button></div></div></div></li><li class="product-item product-grid-item product-item--grid2 product-item--FI"><div><a class="product-item-link" href="https://www.matsmart.fi/"><div class="product-grid-item-container"><div class="product-grid-item-image-col"><img src="./tea_files/yellow_mustard_heinz_senap_mild.jpg" srcset="https://cdn1.matsmart.se/sites/se/files/styles/product_teaser/public/products/yellow_mustard_heinz_senap_mild.jpg?itok=62klXWsS, https://cdn1.matsmart.se/sites/se/files/styles/product_teaser_2x/public/products/yellow_mustard_heinz_senap_mild.jpg?itok=by1Jguti 2x" alt="product" title="Parasta ennen: 30.08.2020" loading="lazy"></div><div class="product-item-price"><div property="offers" typeof="Offer" class="product-item-multi-price-wrapper"><meta property="availability" href="http://schema.org/InStock"><meta property="url" content="https://matsmart.fiundefined"><span class="product-item-multi-price-label">2kpl</span><div class="product-item-price-numbers product-item-price-numbers--multi-price product-item-price-numbers--FI"><span property="price" content="2" class="product-price-title">2</span><meta property="priceCurrency" content="EUR"><span class="product-price-title medium">€</span></div><span content="1.19" class="product-item-multi-price-single-price">1,19&nbsp;€/kpl</span></div></div></div><div class="product-grid-item-container product-grid-item-label-header"><span class="label">Mieto Sinappi </span><span class="brand-and-weight">Heinz | 220 ml</span></div></a></div><div class="actions-container"><div class="favorite-button"><button class="create-favorite-button">Tallenna</button></div><div class="savings-container"><div class="saved-amount"><span>Säästät </span><span>0,58&nbsp;€/2 kpl</span></div><div class="savings-info"><span class="savings-percentage">-22%</span><p class="product-item-old-price"><span class="product-item-old-price line-through">1,29&nbsp;€/kpl</span></p></div></div><div class="buy-box-container"><div class="buy-box"><button class="buy-button"><span class="buy-button-label">Osta</span><svg class="buy-button-checkmark" x="0px" y="0px" width="32px" height="32px" viewBox="0 0 32 32"><path class="buy-button-checkmark-path" stroke-dasharray="19.79 19.79" stroke-dashoffset="19.79" fill="none" stroke="#FFFFFF" stroke-width="2" stroke-linecap="square" stroke-miterlimit="10" d="M9,17l3.9,3.9c0.1,0.1,0.2,0.1,0.3,0L23,11"></path></svg></button></div></div></div></li><li class="product-item product-grid-item product-item--grid2 product-item--FI"><div><a class="product-item-link" href="https://www.matsmart.fi/"><div class="product-grid-item-container"><div class="product-grid-item-image-col"><img src="./tea_files/san_lemongrass_110g.jpg" srcset="https://cdn1.matsmart.se/sites/se/files/styles/product_teaser/public/products/san_lemongrass_110g.jpg?itok=7b4tHDU0, https://cdn1.matsmart.se/sites/se/files/styles/product_teaser_2x/public/products/san_lemongrass_110g.jpg?itok=UEz4YC5n 2x" alt="product" title="Parasta ennen: 23.05.2021" loading="lazy"></div><div class="product-item-price"><div property="offers" typeof="Offer" class="product-item-multi-price-wrapper"><meta property="availability" href="http://schema.org/InStock"><meta property="url" content="https://matsmart.fiundefined"><span class="product-item-multi-price-label">2kpl</span><div class="product-item-price-numbers product-item-price-numbers--multi-price product-item-price-numbers--FI"><span property="price" content="3" class="product-price-title">3</span><meta property="priceCurrency" content="EUR"><span class="product-price-title medium">€</span></div><span content="1.69" class="product-item-multi-price-single-price">1,69&nbsp;€/kpl</span></div></div></div><div class="product-grid-item-container product-grid-item-label-header"><span class="label">Sitruunaruoho</span><span class="brand-and-weight">Santa Maria | 110g</span></div></a></div><div class="actions-container"><div class="favorite-button"><button class="create-favorite-button">Tallenna</button></div><div class="savings-container"><div class="saved-amount"><span>Säästät </span><span>0,78&nbsp;€/2 kpl</span></div><div class="savings-info"><span class="savings-percentage">-21%</span><p class="product-item-old-price"><span class="product-item-old-price line-through">1,89&nbsp;€/kpl</span></p></div></div><div class="buy-box-container"><div class="buy-box"><button class="buy-button"><span class="buy-button-label">Osta</span><svg class="buy-button-checkmark" x="0px" y="0px" width="32px" height="32px" viewBox="0 0 32 32"><path class="buy-button-checkmark-path" stroke-dasharray="19.79 19.79" stroke-dashoffset="19.79" fill="none" stroke="#FFFFFF" stroke-width="2" stroke-linecap="square" stroke-miterlimit="10" d="M9,17l3.9,3.9c0.1,0.1,0.2,0.1,0.3,0L23,11"></path></svg></button></div></div></div></li><li class="product-item product-grid-item product-item--grid2 product-item--FI"><div><a class="product-item-link" href="https://www.matsmart.fi/luomu-tee-lakritsi"><div class="product-grid-item-container"><div class="product-grid-item-image-col"><img src="./tea_files/higher_living_licorice.jpg" srcset="https://cdn2.matsmart.se/sites/se/files/styles/product_teaser/public/products/higher_living_licorice.jpg?itok=V_7mIPx0, https://cdn2.matsmart.se/sites/se/files/styles/product_teaser_2x/public/products/higher_living_licorice.jpg?itok=TDMyMn08 2x" alt="product" title="Parasta ennen: 05.07.2022" loading="lazy"><div class="eco-badge-icon">LUOMU</div></div><div class="product-item-price"><div property="offers" typeof="Offer" class="product-item-price-numbers product-item-price-numbers--FI"><meta property="availability" href="http://schema.org/InStock"><meta property="url" content="https://matsmart.fiundefined"><meta property="priceCurrency" content="EUR"><span property="price" content="3.49" class="product-price-title">3,49</span><span class="product-price-title medium">€</span></div></div></div><div class="product-grid-item-container product-grid-item-label-header"><span class="label">Luomu Tee Lakritsi</span><span class="brand-and-weight">Higher Living | 30g</span></div></a></div><div class="actions-container"><div class="favorite-button"><button class="create-favorite-button">Tallenna</button></div><div class="savings-container"><div class="saved-amount"><span>Säästät </span><span>1,41&nbsp;€</span></div><div class="savings-info"><span class="savings-percentage">-29%</span><p class="product-item-old-price"><span class="product-item-old-price line-through">4,90&nbsp;€/kpl</span></p></div></div><div class="buy-box-container"><div class="buy-box"><button class="buy-button"><span class="buy-button-label">Osta</span><svg class="buy-button-checkmark" x="0px" y="0px" width="32px" height="32px" viewBox="0 0 32 32"><path class="buy-button-checkmark-path" stroke-dasharray="19.79 19.79" stroke-dashoffset="19.79" fill="none" stroke="#FFFFFF" stroke-width="2" stroke-linecap="square" stroke-miterlimit="10" d="M9,17l3.9,3.9c0.1,0.1,0.2,0.1,0.3,0L23,11"></path></svg></button></div></div></div></li><li class="product-item product-grid-item product-item--grid2 product-item--FI"><div><a class="product-item-link" href="https://www.matsmart.fi/luomu-tee-sweet-dreams"><div class="product-grid-item-container"><div class="product-grid-item-image-col"><img src="./tea_files/higher_living_sweet_dreams.jpg" srcset="https://cdn3.matsmart.se/sites/se/files/styles/product_teaser/public/products/higher_living_sweet_dreams.jpg?itok=e8JUtq1R, https://cdn3.matsmart.se/sites/se/files/styles/product_teaser_2x/public/products/higher_living_sweet_dreams.jpg?itok=NMUHr1v- 2x" alt="product" title="Parasta ennen: 30.11.2022" loading="lazy"><div class="eco-badge-icon">LUOMU</div></div><div class="product-item-price"><div property="offers" typeof="Offer" class="product-item-price-numbers product-item-price-numbers--FI"><meta property="availability" href="http://schema.org/InStock"><meta property="url" content="https://matsmart.fiundefined"><meta property="priceCurrency" content="EUR"><span property="price" content="3.49" class="product-price-title">3,49</span><span class="product-price-title medium">€</span></div></div></div><div class="product-grid-item-container product-grid-item-label-header"><span class="label">Luomu Tee Sweet Dreams</span><span class="brand-and-weight">Higher Living | 26g</span></div></a></div><div class="actions-container"><div class="favorite-button"><button class="create-favorite-button">Tallenna</button></div><div class="savings-container"><div class="saved-amount"><span>Säästät </span><span>1,41&nbsp;€</span></div><div class="savings-info"><span class="savings-percentage">-29%</span><p class="product-item-old-price"><span class="product-item-old-price line-through">4,90&nbsp;€/kpl</span></p></div></div><div class="buy-box-container"><div class="buy-box"><button class="buy-button"><span class="buy-button-label">Osta</span><svg class="buy-button-checkmark" x="0px" y="0px" width="32px" height="32px" viewBox="0 0 32 32"><path class="buy-button-checkmark-path" stroke-dasharray="19.79 19.79" stroke-dashoffset="19.79" fill="none" stroke="#FFFFFF" stroke-width="2" stroke-linecap="square" stroke-miterlimit="10" d="M9,17l3.9,3.9c0.1,0.1,0.2,0.1,0.3,0L23,11"></path></svg></button></div></div></div></li><li class="product-item product-grid-item product-item--grid2 product-item--FI"><div><a class="product-item-link" href="https://www.matsmart.fi/suodatinkahvi-butembo"><div class="product-grid-item-container"><div class="product-grid-item-image-col"><img src="./tea_files/rutasoka_butembo_morkrost.jpg" srcset="https://cdn3.matsmart.se/sites/se/files/styles/product_teaser/public/products/rutasoka_butembo_morkrost.jpg?itok=R4Raqpcu, https://cdn3.matsmart.se/sites/se/files/styles/product_teaser_2x/public/products/rutasoka_butembo_morkrost.jpg?itok=ZugklyN0 2x" alt="product" title="Parasta ennen: 15.04.2021" loading="lazy"></div><div class="product-item-price"><div property="offers" typeof="Offer" class="product-item-price-numbers product-item-price-numbers--FI"><meta property="availability" href="http://schema.org/InStock"><meta property="url" content="https://matsmart.fiundefined"><meta property="priceCurrency" content="EUR"><span property="price" content="4.99" class="product-price-title">4,99</span><span class="product-price-title medium">€</span></div></div></div><div class="product-grid-item-container product-grid-item-label-header"><span class="label">Suodatinkahvi Butembo</span><span class="brand-and-weight">Rutasoka | 300g</span></div></a></div><div class="actions-container"><div class="favorite-button"><button class="create-favorite-button">Tallenna</button></div><div class="savings-container"><div class="saved-amount"><span>Säästät </span><span>3,00&nbsp;€</span></div><div class="savings-info"><span class="savings-percentage">-38%</span><p class="product-item-old-price"><span class="product-item-old-price line-through">7,99&nbsp;€/kpl</span></p></div></div><div class="buy-box-container"><div class="buy-box"><button class="buy-button"><span class="buy-button-label">Osta</span><svg class="buy-button-checkmark" x="0px" y="0px" width="32px" height="32px" viewBox="0 0 32 32"><path class="buy-button-checkmark-path" stroke-dasharray="19.79 19.79" stroke-dashoffset="19.79" fill="none" stroke="#FFFFFF" stroke-width="2" stroke-linecap="square" stroke-miterlimit="10" d="M9,17l3.9,3.9c0.1,0.1,0.2,0.1,0.3,0L23,11"></path></svg></button></div></div></div></li><li class="product-item product-grid-item product-item--grid2 product-item--FI"><div><a class="product-item-link" href="https://www.matsmart.fi/"><div class="product-grid-item-container"><div class="product-grid-item-image-col"><img src="./tea_files/pasta_splitpeas_zuccini_250.jpg" srcset="https://cdn3.matsmart.se/sites/se/files/styles/product_teaser/public/products/pasta_splitpeas_zuccini_250.jpg?itok=rbt7NU7Z, https://cdn3.matsmart.se/sites/se/files/styles/product_teaser_2x/public/products/pasta_splitpeas_zuccini_250.jpg?itok=0bp5sXhL 2x" alt="product" title="Parasta ennen: 30.06.2021" loading="lazy"></div><div class="product-item-price"><div property="offers" typeof="Offer" class="product-item-price-numbers product-item-price-numbers--FI"><meta property="availability" href="http://schema.org/InStock"><meta property="url" content="https://matsmart.fiundefined"><meta property="priceCurrency" content="EUR"><span property="price" content="1.99" class="product-price-title">1,99</span><span class="product-price-title medium">€</span></div></div></div><div class="product-grid-item-container product-grid-item-label-header"><span class="label">Pasta Herne &amp; Kesäkurpitsa</span><span class="brand-and-weight">Bonduelle | 250g</span></div></a></div><div class="actions-container"><div class="favorite-button"><button class="create-favorite-button">Tallenna</button></div><div class="savings-container"><div class="saved-amount"><span>Säästät </span><span>0,51&nbsp;€</span></div><div class="savings-info"><span class="savings-percentage">-20%</span><p class="product-item-old-price"><span class="product-item-old-price line-through">2,50&nbsp;€/kpl</span></p></div></div><div class="buy-box-container"><div class="buy-box"><button class="buy-button"><span class="buy-button-label">Osta</span><svg class="buy-button-checkmark" x="0px" y="0px" width="32px" height="32px" viewBox="0 0 32 32"><path class="buy-button-checkmark-path" stroke-dasharray="19.79 19.79" stroke-dashoffset="19.79" fill="none" stroke="#FFFFFF" stroke-width="2" stroke-linecap="square" stroke-miterlimit="10" d="M9,17l3.9,3.9c0.1,0.1,0.2,0.1,0.3,0L23,11"></path></svg></button></div></div></div></li><li class="product-item product-grid-item product-item--grid2 product-item--FI"><div><a class="product-item-link" href="https://www.matsmart.fi/teejuomajauhe-sitruuna"><div class="product-grid-item-container"><div class="product-grid-item-image-col"><img src="./tea_files/nestle_citronte_front.jpg" srcset="https://cdn3.matsmart.se/sites/se/files/styles/product_teaser/public/products/nestle_citronte_front.jpg?itok=ymMaC_R2, https://cdn3.matsmart.se/sites/se/files/styles/product_teaser_2x/public/products/nestle_citronte_front.jpg?itok=Z7nBnYIE 2x" alt="product" title="Parasta ennen: 30.04.2021" loading="lazy"></div><div class="product-item-price"><div property="offers" typeof="Offer" class="product-item-price-numbers product-item-price-numbers--FI"><meta property="availability" href="http://schema.org/InStock"><meta property="url" content="https://matsmart.fiundefined"><meta property="priceCurrency" content="EUR"><span property="price" content="2.19" class="product-price-title">2,19</span><span class="product-price-title medium">€</span></div></div></div><div class="product-grid-item-container product-grid-item-label-header"><span class="label">Teejuomajauhe Sitruuna</span><span class="brand-and-weight">Nestlé | 300g</span></div></a></div><div class="actions-container"><div class="favorite-button"><button class="create-favorite-button">Tallenna</button></div><div class="savings-container"><div class="saved-amount"><span>Säästät </span><span>0,60&nbsp;€</span></div><div class="savings-info"><span class="savings-percentage">-22%</span><p class="product-item-old-price"><span class="product-item-old-price line-through">2,79&nbsp;€/kpl</span></p></div></div><div class="buy-box-container"><div class="buy-box"><button class="buy-button"><span class="buy-button-label">Osta</span><svg class="buy-button-checkmark" x="0px" y="0px" width="32px" height="32px" viewBox="0 0 32 32"><path class="buy-button-checkmark-path" stroke-dasharray="19.79 19.79" stroke-dashoffset="19.79" fill="none" stroke="#FFFFFF" stroke-width="2" stroke-linecap="square" stroke-miterlimit="10" d="M9,17l3.9,3.9c0.1,0.1,0.2,0.1,0.3,0L23,11"></path></svg></button></div></div></div></li><li class="product-item product-grid-item product-item--grid2 product-item--FI"><div><a class="product-item-link" href="https://www.matsmart.fi/"><div class="product-grid-item-container"><div class="product-grid-item-image-col"><img src="./tea_files/herkkumaa_kurpitsasalatti.jpg" srcset="https://cdn1.matsmart.se/sites/se/files/styles/product_teaser/public/products/herkkumaa_kurpitsasalatti.jpg?itok=V7nQMdor, https://cdn1.matsmart.se/sites/se/files/styles/product_teaser_2x/public/products/herkkumaa_kurpitsasalatti.jpg?itok=TLMo5VIt 2x" alt="product" title="Parasta ennen: 18.09.2020" loading="lazy"></div><div class="product-item-price"><div property="offers" typeof="Offer" class="product-item-price-numbers product-item-price-numbers--FI"><meta property="availability" href="http://schema.org/InStock"><meta property="url" content="https://matsmart.fiundefined"><meta property="priceCurrency" content="EUR"><span property="price" content="4.99" class="product-price-title">4,99</span><span class="product-price-title medium">€</span></div></div></div><div class="product-grid-item-container product-grid-item-label-header"><span class="label">Kurpitsasalaatti</span><span class="brand-and-weight">Herkkumaa | 2250g</span></div></a></div><div class="actions-container"><div class="favorite-button"><button class="create-favorite-button">Tallenna</button></div><div class="savings-container"><div class="saved-amount"><span>Säästät </span><span>6,51&nbsp;€</span></div><div class="savings-info"><span class="savings-percentage">-57%</span><p class="product-item-old-price"><span class="product-item-old-price line-through">11,50&nbsp;€/kpl</span></p></div></div><div class="buy-box-container"><div class="buy-box"><button class="buy-button"><span class="buy-button-label">Osta</span><svg class="buy-button-checkmark" x="0px" y="0px" width="32px" height="32px" viewBox="0 0 32 32"><path class="buy-button-checkmark-path" stroke-dasharray="19.79 19.79" stroke-dashoffset="19.79" fill="none" stroke="#FFFFFF" stroke-width="2" stroke-linecap="square" stroke-miterlimit="10" d="M9,17l3.9,3.9c0.1,0.1,0.2,0.1,0.3,0L23,11"></path></svg></button></div></div></div></li><li class="product-item product-grid-item product-item--grid2 product-item--FI"><div><a class="product-item-link" href="https://www.matsmart.fi/"><div class="product-grid-item-container"><div class="product-grid-item-image-col"><img src="./tea_files/senap_hellmann.jpg" srcset="https://cdn1.matsmart.se/sites/se/files/styles/product_teaser/public/products/senap_hellmann.jpg?itok=ifXLIquC, https://cdn1.matsmart.se/sites/se/files/styles/product_teaser_2x/public/products/senap_hellmann.jpg?itok=V-ewDD8r 2x" alt="product" title="Parasta ennen: 31.08.2020" loading="lazy"></div><div class="product-item-price"><div property="offers" typeof="Offer" class="product-item-multi-price-wrapper"><meta property="availability" href="http://schema.org/InStock"><meta property="url" content="https://matsmart.fiundefined"><span class="product-item-multi-price-label">2kpl</span><div class="product-item-price-numbers product-item-price-numbers--multi-price product-item-price-numbers--FI"><span property="price" content="2" class="product-price-title">2</span><meta property="priceCurrency" content="EUR"><span class="product-price-title medium">€</span></div><span content="1.19" class="product-item-multi-price-single-price">1,19&nbsp;€/kpl</span></div></div></div><div class="product-grid-item-container product-grid-item-label-header"><span class="label">Sinappi </span><span class="brand-and-weight">Hellmann's | 260 g</span></div></a></div><div class="actions-container"><div class="favorite-button"><button class="create-favorite-button">Tallenna</button></div><div class="savings-container"><div class="saved-amount"><span>Säästät </span><span>1,98&nbsp;€/2 kpl</span></div><div class="savings-info"><span class="savings-percentage">-50%</span><p class="product-item-old-price"><span class="product-item-old-price line-through">1,99&nbsp;€/kpl</span></p></div></div><div class="buy-box-container"><div class="buy-box"><button class="buy-button"><span class="buy-button-label">Osta</span><svg class="buy-button-checkmark" x="0px" y="0px" width="32px" height="32px" viewBox="0 0 32 32"><path class="buy-button-checkmark-path" stroke-dasharray="19.79 19.79" stroke-dashoffset="19.79" fill="none" stroke="#FFFFFF" stroke-width="2" stroke-linecap="square" stroke-miterlimit="10" d="M9,17l3.9,3.9c0.1,0.1,0.2,0.1,0.3,0L23,11"></path></svg></button></div></div></div></li><li class="product-item product-grid-item product-item--grid2 product-item--FI"><div><a class="product-item-link" href="https://www.matsmart.fi/"><div class="product-grid-item-container"><div class="product-grid-item-image-col"><img src="./tea_files/hellmanns_honey_mustard_cold_sauce.jpg" srcset="https://cdn2.matsmart.se/sites/se/files/styles/product_teaser/public/products/hellmanns_honey_mustard_cold_sauce.jpg?itok=y_2bGPx2, https://cdn2.matsmart.se/sites/se/files/styles/product_teaser_2x/public/products/hellmanns_honey_mustard_cold_sauce.jpg?itok=CZSLjntc 2x" alt="product" title="Parasta ennen: 31.12.2019" loading="lazy"></div><div class="product-item-price"><div property="offers" typeof="Offer" class="product-item-multi-price-wrapper"><meta property="availability" href="http://schema.org/InStock"><meta property="url" content="https://matsmart.fiundefined"><span class="product-item-multi-price-label">4kpl</span><div class="product-item-price-numbers product-item-price-numbers--multi-price product-item-price-numbers--FI"><span property="price" content="3" class="product-price-title">3</span><meta property="priceCurrency" content="EUR"><span class="product-price-title medium">€</span></div><span content="0.99" class="product-item-multi-price-single-price">0,99&nbsp;€/kpl</span></div></div></div><div class="product-grid-item-container product-grid-item-label-header"><span class="label">Sinappikastike Hunaja</span><span class="brand-and-weight">Hellmann's | 190 g</span></div></a></div><div class="actions-container"><div class="favorite-button"><button class="create-favorite-button">Tallenna</button></div><div class="savings-container"><div class="saved-amount"><span>Säästät </span><span>4,60&nbsp;€/4 kpl</span></div><div class="savings-info"><span class="savings-percentage">-61%</span><p class="product-item-old-price"><span class="product-item-old-price line-through">1,90&nbsp;€/kpl</span></p></div></div><div class="buy-box-container"><div class="buy-box"><button class="buy-button"><span class="buy-button-label">Osta</span><svg class="buy-button-checkmark" x="0px" y="0px" width="32px" height="32px" viewBox="0 0 32 32"><path class="buy-button-checkmark-path" stroke-dasharray="19.79 19.79" stroke-dashoffset="19.79" fill="none" stroke="#FFFFFF" stroke-width="2" stroke-linecap="square" stroke-miterlimit="10" d="M9,17l3.9,3.9c0.1,0.1,0.2,0.1,0.3,0L23,11"></path></svg></button></div></div></div></li><li class="product-item product-grid-item product-item--grid2 product-item--FI"><div><a class="product-item-link" href="https://www.matsmart.fi/"><div class="product-grid-item-container"><div class="product-grid-item-image-col"><img src="./tea_files/hellmans_lemon_basil_vinaigrette.jpg" srcset="https://cdn4.matsmart.se/sites/se/files/styles/product_teaser/public/products/hellmans_lemon_basil_vinaigrette.jpg?itok=5LptmckS, https://cdn4.matsmart.se/sites/se/files/styles/product_teaser_2x/public/products/hellmans_lemon_basil_vinaigrette.jpg?itok=KswOiyfg 2x" alt="product" title="Best before: 04/19/2020" loading="lazy"></div><div class="product-item-price"><div property="offers" typeof="Offer" class="product-item-multi-price-wrapper"><meta property="availability" href="http://schema.org/InStock"><meta property="url" content="https://matsmart.fiundefined"><span class="product-item-multi-price-label">2kpl</span><div class="product-item-price-numbers product-item-price-numbers--multi-price product-item-price-numbers--FI"><span property="price" content="2" class="product-price-title">2</span><meta property="priceCurrency" content="EUR"><span class="product-price-title medium">€</span></div><span content="1.19" class="product-item-multi-price-single-price">1,19&nbsp;€/kpl</span></div></div></div><div class="product-grid-item-container product-grid-item-label-header"><span class="label">Sitruuna-Basilikavinegretti</span><span class="brand-and-weight">Hellmann's | 210ml</span></div></a></div><div class="actions-container"><div class="favorite-button"><button class="create-favorite-button">Tallenna</button></div><div class="savings-container"><div class="saved-amount"><span>Säästät </span><span>1,10&nbsp;€/2 kpl</span></div><div class="savings-info"><span class="savings-percentage">-35%</span><p class="product-item-old-price"><span class="product-item-old-price line-through">1,55&nbsp;€/kpl</span></p></div></div><div class="buy-box-container"><div class="buy-box"><button class="buy-button"><span class="buy-button-label">Osta</span><svg class="buy-button-checkmark" x="0px" y="0px" width="32px" height="32px" viewBox="0 0 32 32"><path class="buy-button-checkmark-path" stroke-dasharray="19.79 19.79" stroke-dashoffset="19.79" fill="none" stroke="#FFFFFF" stroke-width="2" stroke-linecap="square" stroke-miterlimit="10" d="M9,17l3.9,3.9c0.1,0.1,0.2,0.1,0.3,0L23,11"></path></svg></button></div></div></div></li><li class="product-item product-grid-item product-item--grid2 product-item--FI"><div><a class="product-item-link" href="https://www.matsmart.fi/"><div class="product-grid-item-container"><div class="product-grid-item-image-col"><img src="./tea_files/hellmanns_honey_mustard_senap_honung.jpg" srcset="https://cdn3.matsmart.se/sites/se/files/styles/product_teaser/public/products/hellmanns_honey_mustard_senap_honung.jpg?itok=OhYJNc3i, https://cdn3.matsmart.se/sites/se/files/styles/product_teaser_2x/public/products/hellmanns_honey_mustard_senap_honung.jpg?itok=qj6xc_ue 2x" alt="product" title="Best before: 31.07.2020" loading="lazy"></div><div class="product-item-price"><div property="offers" typeof="Offer" class="product-item-multi-price-wrapper"><meta property="availability" href="http://schema.org/InStock"><meta property="url" content="https://matsmart.fiundefined"><span class="product-item-multi-price-label">3kpl</span><div class="product-item-price-numbers product-item-price-numbers--multi-price product-item-price-numbers--FI"><span property="price" content="2" class="product-price-title">2</span><meta property="priceCurrency" content="EUR"><span class="product-price-title medium">€</span></div><span content="0.99" class="product-item-multi-price-single-price">0,99&nbsp;€/kpl</span></div></div></div><div class="product-grid-item-container product-grid-item-label-header"><span class="label">Hunajasinappi</span><span class="brand-and-weight">Hellmann's | 225ml</span></div></a></div><div class="actions-container"><div class="favorite-button"><button class="create-favorite-button">Tallenna</button></div><div class="savings-container"><div class="saved-amount"><span>Säästät </span><span>6,37&nbsp;€/3 kpl</span></div><div class="savings-info"><span class="savings-percentage">-76%</span><p class="product-item-old-price"><span class="product-item-old-price line-through">2,79&nbsp;€/kpl</span></p></div></div><div class="buy-box-container"><div class="buy-box"><button class="buy-button"><span class="buy-button-label">Osta</span><svg class="buy-button-checkmark" x="0px" y="0px" width="32px" height="32px" viewBox="0 0 32 32"><path class="buy-button-checkmark-path" stroke-dasharray="19.79 19.79" stroke-dashoffset="19.79" fill="none" stroke="#FFFFFF" stroke-width="2" stroke-linecap="square" stroke-miterlimit="10" d="M9,17l3.9,3.9c0.1,0.1,0.2,0.1,0.3,0L23,11"></path></svg></button></div></div></div></li><li class="product-item product-grid-item product-item--grid2 product-item--FI"><div><a class="product-item-link" href="https://www.matsmart.fi/"><div class="product-grid-item-container"><div class="product-grid-item-image-col"><img src="./tea_files/smokey_caesar.jpg" srcset="https://cdn3.matsmart.se/sites/se/files/styles/product_teaser/public/products/smokey_caesar.jpg?itok=EN9lsCFo, https://cdn3.matsmart.se/sites/se/files/styles/product_teaser_2x/public/products/smokey_caesar.jpg?itok=nv7ZcwP1 2x" alt="product" title="Best before: 09/26/2020" loading="lazy"></div><div class="product-item-price"><div property="offers" typeof="Offer" class="product-item-multi-price-wrapper"><meta property="availability" href="http://schema.org/InStock"><meta property="url" content="https://matsmart.fiundefined"><span class="product-item-multi-price-label">2kpl</span><div class="product-item-price-numbers product-item-price-numbers--multi-price product-item-price-numbers--FI"><span property="price" content="2" class="product-price-title">2</span><meta property="priceCurrency" content="EUR"><span class="product-price-title medium">€</span></div><span content="1.19" class="product-item-multi-price-single-price">1,19&nbsp;€/kpl</span></div></div></div><div class="product-grid-item-container product-grid-item-label-header"><span class="label">Salaatinkastike Caesar</span><span class="brand-and-weight">Hellmann's | 210ml</span></div></a></div><div class="actions-container"><div class="favorite-button"><button class="create-favorite-button">Tallenna</button></div><div class="savings-container"><div class="saved-amount"><span>Säästät </span><span>1,78&nbsp;€/2 kpl</span></div><div class="savings-info"><span class="savings-percentage">-47%</span><p class="product-item-old-price"><span class="product-item-old-price line-through">1,89&nbsp;€/kpl</span></p></div></div><div class="buy-box-container"><div class="buy-box"><button class="buy-button"><span class="buy-button-label">Osta</span><svg class="buy-button-checkmark" x="0px" y="0px" width="32px" height="32px" viewBox="0 0 32 32"><path class="buy-button-checkmark-path" stroke-dasharray="19.79 19.79" stroke-dashoffset="19.79" fill="none" stroke="#FFFFFF" stroke-width="2" stroke-linecap="square" stroke-miterlimit="10" d="M9,17l3.9,3.9c0.1,0.1,0.2,0.1,0.3,0L23,11"></path></svg></button></div></div></div></li><li class="product-item product-grid-item product-item--grid2 product-item--FI"><div><a class="product-item-link" href="https://www.matsmart.fi/"><div class="product-grid-item-container"><div class="product-grid-item-image-col"><img src="./tea_files/honey_mustard.jpg" srcset="https://cdn2.matsmart.se/sites/se/files/styles/product_teaser/public/products/honey_mustard.jpg?itok=wla3Y1I8, https://cdn2.matsmart.se/sites/se/files/styles/product_teaser_2x/public/products/honey_mustard.jpg?itok=edWoNCBz 2x" alt="product" title="Best before: 08.08.2020" loading="lazy"></div><div class="product-item-price"><div property="offers" typeof="Offer" class="product-item-multi-price-wrapper"><meta property="availability" href="http://schema.org/InStock"><meta property="url" content="https://matsmart.fiundefined"><span class="product-item-multi-price-label">3kpl</span><div class="product-item-price-numbers product-item-price-numbers--multi-price product-item-price-numbers--FI"><span property="price" content="2" class="product-price-title">2</span><meta property="priceCurrency" content="EUR"><span class="product-price-title medium">€</span></div><span content="0.99" class="product-item-multi-price-single-price">0,99&nbsp;€/kpl</span></div></div></div><div class="product-grid-item-container product-grid-item-label-header"><span class="label">Salaatinkastike Hunaja &amp; Sinappi</span><span class="brand-and-weight">Hellmann's | 210ml</span></div></a></div><div class="actions-container"><div class="favorite-button"><button class="create-favorite-button">Tallenna</button></div><div class="savings-container"><div class="saved-amount"><span>Säästät </span><span>2,65&nbsp;€/3 kpl</span></div><div class="savings-info"><span class="savings-percentage">-57%</span><p class="product-item-old-price"><span class="product-item-old-price line-through">1,55&nbsp;€/kpl</span></p></div></div><div class="buy-box-container"><div class="buy-box"><button class="buy-button"><span class="buy-button-label">Osta</span><svg class="buy-button-checkmark" x="0px" y="0px" width="32px" height="32px" viewBox="0 0 32 32"><path class="buy-button-checkmark-path" stroke-dasharray="19.79 19.79" stroke-dashoffset="19.79" fill="none" stroke="#FFFFFF" stroke-width="2" stroke-linecap="square" stroke-miterlimit="10" d="M9,17l3.9,3.9c0.1,0.1,0.2,0.1,0.3,0L23,11"></path></svg></button></div></div></div></li><li class="product-item product-grid-item product-item--grid2 product-item--FI"><div><a class="product-item-link" href="https://www.matsmart.fi/"><div class="product-grid-item-container"><div class="product-grid-item-image-col"><img src="./tea_files/knorr_hollandaisesas_ny.jpg" srcset="https://cdn1.matsmart.se/sites/se/files/styles/product_teaser/public/products/knorr_hollandaisesas_ny.jpg?itok=Fsnm1ECu, https://cdn1.matsmart.se/sites/se/files/styles/product_teaser_2x/public/products/knorr_hollandaisesas_ny.jpg?itok=G0DB5X79 2x" alt="product" title="Best before: 30.05.2021" loading="lazy"></div><div class="product-item-price"><div property="offers" typeof="Offer" class="product-item-multi-price-wrapper"><meta property="availability" href="http://schema.org/InStock"><meta property="url" content="https://matsmart.fiundefined"><span class="product-item-multi-price-label">2kpl</span><div class="product-item-price-numbers product-item-price-numbers--multi-price product-item-price-numbers--FI"><span property="price" content="2" class="product-price-title">2</span><meta property="priceCurrency" content="EUR"><span class="product-price-title medium">€</span></div><span content="1.19" class="product-item-multi-price-single-price">1,19&nbsp;€/kpl</span></div></div></div><div class="product-grid-item-container product-grid-item-label-header"><span class="label">Hollandaisekastike 3kpl</span><span class="brand-and-weight">Knorr | 3 x 22g</span></div></a></div><div class="actions-container"><div class="favorite-button"><button class="create-favorite-button">Tallenna</button></div><div class="savings-container"><div class="saved-amount"><span>Säästät </span><span>1,38&nbsp;€/2 kpl</span></div><div class="savings-info"><span class="savings-percentage">-41%</span><p class="product-item-old-price"><span class="product-item-old-price line-through">1,69&nbsp;€/kpl</span></p></div></div><div class="buy-box-container"><div class="buy-box"><button class="buy-button"><span class="buy-button-label">Osta</span><svg class="buy-button-checkmark" x="0px" y="0px" width="32px" height="32px" viewBox="0 0 32 32"><path class="buy-button-checkmark-path" stroke-dasharray="19.79 19.79" stroke-dashoffset="19.79" fill="none" stroke="#FFFFFF" stroke-width="2" stroke-linecap="square" stroke-miterlimit="10" d="M9,17l3.9,3.9c0.1,0.1,0.2,0.1,0.3,0L23,11"></path></svg></button></div></div></div></li><li class="product-item product-grid-item product-item--grid2 product-item--FI"><div><a class="product-item-link" href="https://www.matsmart.fi/"><div class="product-grid-item-container"><div class="product-grid-item-image-col"><img src="./tea_files/herkkumaa_pumpapickles.jpg" srcset="https://cdn3.matsmart.se/sites/se/files/styles/product_teaser/public/products/herkkumaa_pumpapickles.jpg?itok=6E98HPuD, https://cdn3.matsmart.se/sites/se/files/styles/product_teaser_2x/public/products/herkkumaa_pumpapickles.jpg?itok=PiBd7l44 2x" alt="product" title="Best before: 18.09.2020" loading="lazy"></div><div class="product-item-price"><div property="offers" typeof="Offer" class="product-item-price-numbers product-item-price-numbers--FI"><meta property="availability" href="http://schema.org/InStock"><meta property="url" content="https://matsmart.fiundefined"><meta property="priceCurrency" content="EUR"><span property="price" content="5.49" class="product-price-title">5,49</span><span class="product-price-title medium">€</span></div></div></div><div class="product-grid-item-container product-grid-item-label-header"><span class="label">Kurpitsapikkelsi</span><span class="brand-and-weight">Herkkumaa | 2850g</span></div></a></div><div class="actions-container"><div class="favorite-button"><button class="create-favorite-button">Tallenna</button></div><div class="savings-container"><div class="saved-amount"><span>Säästät </span><span>9,50&nbsp;€</span></div><div class="savings-info"><span class="savings-percentage">-63%</span><p class="product-item-old-price"><span class="product-item-old-price line-through">14,99&nbsp;€/kpl</span></p></div></div><div class="buy-box-container"><div class="buy-box"><button class="buy-button"><span class="buy-button-label">Osta</span><svg class="buy-button-checkmark" x="0px" y="0px" width="32px" height="32px" viewBox="0 0 32 32"><path class="buy-button-checkmark-path" stroke-dasharray="19.79 19.79" stroke-dashoffset="19.79" fill="none" stroke="#FFFFFF" stroke-width="2" stroke-linecap="square" stroke-miterlimit="10" d="M9,17l3.9,3.9c0.1,0.1,0.2,0.1,0.3,0L23,11"></path></svg></button></div></div></div></li><li class="product-item product-grid-item product-item--grid2 product-item--FI"><div><a class="product-item-link" href="https://www.matsmart.fi/kahvipavut-kasenga"><div class="product-grid-item-container"><div class="product-grid-item-image-col"><img src="./tea_files/rutasoka_kasenga_hela_bonor_ny.jpg" srcset="https://cdn3.matsmart.se/sites/se/files/styles/product_teaser/public/products/rutasoka_kasenga_hela_bonor_ny.jpg?itok=jmyCJ8I3, https://cdn3.matsmart.se/sites/se/files/styles/product_teaser_2x/public/products/rutasoka_kasenga_hela_bonor_ny.jpg?itok=NGIUJYPf 2x" alt="product" title="Best before: 24.08.2021" loading="lazy"><div class="eco-badge-icon">LUOMU</div></div><div class="product-item-price"><div property="offers" typeof="Offer" class="product-item-price-numbers product-item-price-numbers--FI"><meta property="availability" href="http://schema.org/InStock"><meta property="url" content="https://matsmart.fiundefined"><meta property="priceCurrency" content="EUR"><span property="price" content="7.99" class="product-price-title">7,99</span><span class="product-price-title medium">€</span></div></div></div><div class="product-grid-item-container product-grid-item-label-header"><span class="label">Kahvipavut Kasenga </span><span class="brand-and-weight">Rutasoka | 450 g</span></div></a></div><div class="actions-container"><div class="favorite-button"><button class="create-favorite-button">Tallenna</button></div><div class="savings-container"><div class="saved-amount"><span>Säästät </span><span>4,00&nbsp;€</span></div><div class="savings-info"><span class="savings-percentage">-33%</span><p class="product-item-old-price"><span class="product-item-old-price line-through">11,99&nbsp;€/kpl</span></p></div></div><div class="buy-box-container"><div class="buy-box"><button class="buy-button"><span class="buy-button-label">Osta</span><svg class="buy-button-checkmark" x="0px" y="0px" width="32px" height="32px" viewBox="0 0 32 32"><path class="buy-button-checkmark-path" stroke-dasharray="19.79 19.79" stroke-dashoffset="19.79" fill="none" stroke="#FFFFFF" stroke-width="2" stroke-linecap="square" stroke-miterlimit="10" d="M9,17l3.9,3.9c0.1,0.1,0.2,0.1,0.3,0L23,11"></path></svg></button></div></div></div></li><li class="product-item product-grid-item product-item--grid2 product-item--FI"><div><a class="product-item-link" href="https://www.matsmart.fi/juomajauhe-latte-turmeric-gold"><div class="product-grid-item-container"><div class="product-grid-item-image-col"><img src="./tea_files/pukka_organic_latte_turmeric_gold.jpg" srcset="https://cdn2.matsmart.se/sites/se/files/styles/product_teaser/public/products/pukka_organic_latte_turmeric_gold.jpg?itok=TxVAsMzd, https://cdn2.matsmart.se/sites/se/files/styles/product_teaser_2x/public/products/pukka_organic_latte_turmeric_gold.jpg?itok=Bvl1RVD5 2x" alt="product" title="Best before: 30.06.2020" loading="lazy"></div><div class="product-item-price"><div property="offers" typeof="Offer" class="product-item-price-numbers product-item-price-numbers--FI"><meta property="availability" href="http://schema.org/InStock"><meta property="url" content="https://matsmart.fiundefined"><meta property="priceCurrency" content="EUR"><span property="price" content="5.99" class="product-price-title">5,99</span><span class="product-price-title medium">€</span></div></div></div><div class="product-grid-item-container product-grid-item-label-header"><span class="label">Juomajauhe Latte Turmeric Gold</span><span class="brand-and-weight">Pukka | 90 g</span></div></a></div><div class="actions-container"><div class="favorite-button"><button class="create-favorite-button">Tallenna</button></div><div class="savings-container"><div class="saved-amount"><span>Säästät </span><span>2,00&nbsp;€</span></div><div class="savings-info"><span class="savings-percentage">-25%</span><p class="product-item-old-price"><span class="product-item-old-price line-through">7,99&nbsp;€/kpl</span></p></div></div><div class="buy-box-container"><div class="buy-box"><button class="buy-button"><span class="buy-button-label">Osta</span><svg class="buy-button-checkmark" x="0px" y="0px" width="32px" height="32px" viewBox="0 0 32 32"><path class="buy-button-checkmark-path" stroke-dasharray="19.79 19.79" stroke-dashoffset="19.79" fill="none" stroke="#FFFFFF" stroke-width="2" stroke-linecap="square" stroke-miterlimit="10" d="M9,17l3.9,3.9c0.1,0.1,0.2,0.1,0.3,0L23,11"></path></svg></button></div></div></div></li><li class="product-item product-grid-item product-item--grid2 product-item--FI"><div><a class="product-item-link" href="https://www.matsmart.fi/juomajauhe-ginger-joy"><div class="product-grid-item-container"><div class="product-grid-item-image-col"><img src="./tea_files/pukka_organic_latte_ginger_joy.jpg" srcset="https://cdn2.matsmart.se/sites/se/files/styles/product_teaser/public/products/pukka_organic_latte_ginger_joy.jpg?itok=UD0_dhM7, https://cdn2.matsmart.se/sites/se/files/styles/product_teaser_2x/public/products/pukka_organic_latte_ginger_joy.jpg?itok=uxAOFlNs 2x" alt="product" title="Best before: 30.07.2020" loading="lazy"></div><div class="product-item-price"><div property="offers" typeof="Offer" class="product-item-price-numbers product-item-price-numbers--FI"><meta property="availability" href="http://schema.org/InStock"><meta property="url" content="https://matsmart.fiundefined"><meta property="priceCurrency" content="EUR"><span property="price" content="5.99" class="product-price-title">5,99</span><span class="product-price-title medium">€</span></div></div></div><div class="product-grid-item-container product-grid-item-label-header"><span class="label">Juomajauhe Ginger Joy </span><span class="brand-and-weight">Pukka | 90 g</span></div></a></div><div class="actions-container"><div class="favorite-button"><button class="create-favorite-button">Tallenna</button></div><div class="savings-container"><div class="saved-amount"><span>Säästät </span><span>2,00&nbsp;€</span></div><div class="savings-info"><span class="savings-percentage">-25%</span><p class="product-item-old-price"><span class="product-item-old-price line-through">7,99&nbsp;€/kpl</span></p></div></div><div class="buy-box-container"><div class="buy-box"><button class="buy-button"><span class="buy-button-label">Osta</span><svg class="buy-button-checkmark" x="0px" y="0px" width="32px" height="32px" viewBox="0 0 32 32"><path class="buy-button-checkmark-path" stroke-dasharray="19.79 19.79" stroke-dashoffset="19.79" fill="none" stroke="#FFFFFF" stroke-width="2" stroke-linecap="square" stroke-miterlimit="10" d="M9,17l3.9,3.9c0.1,0.1,0.2,0.1,0.3,0L23,11"></path></svg></button></div></div></div></li><li class="product-item product-grid-item product-item--grid2 product-item--FI"><div><a class="product-item-link" href="https://www.matsmart.fi/luomu-espresso-kahvipavut"><div class="product-grid-item-container"><div class="product-grid-item-image-col"><img src="./tea_files/rutasoka_mitumba_73_front.jpg" srcset="https://cdn3.matsmart.se/sites/se/files/styles/product_teaser/public/products/rutasoka_mitumba_73_front.jpg?itok=GTrn8AAt, https://cdn3.matsmart.se/sites/se/files/styles/product_teaser_2x/public/products/rutasoka_mitumba_73_front.jpg?itok=1P-YD42c 2x" alt="product" title="Best before: 14.05.2021" loading="lazy"><div class="eco-badge-icon">LUOMU</div></div><div class="product-item-price"><div property="offers" typeof="Offer" class="product-item-price-numbers product-item-price-numbers--FI"><meta property="availability" href="http://schema.org/InStock"><meta property="url" content="https://matsmart.fiundefined"><meta property="priceCurrency" content="EUR"><span property="price" content="6.99" class="product-price-title">6,99</span><span class="product-price-title medium">€</span></div></div></div><div class="product-grid-item-container product-grid-item-label-header"><span class="label">Luomu Espresso Kahvipavut</span><span class="brand-and-weight">Rutasoka | 450g</span></div></a></div><div class="actions-container"><div class="favorite-button"><button class="create-favorite-button">Tallenna</button></div><div class="savings-container"><div class="saved-amount"><span>Säästät </span><span>5,81&nbsp;€</span></div><div class="savings-info"><span class="savings-percentage">-45%</span><p class="product-item-old-price"><span class="product-item-old-price line-through">12,80&nbsp;€/kpl</span></p></div></div><div class="buy-box-container"><div class="buy-box"><button class="buy-button"><span class="buy-button-label">Osta</span><svg class="buy-button-checkmark" x="0px" y="0px" width="32px" height="32px" viewBox="0 0 32 32"><path class="buy-button-checkmark-path" stroke-dasharray="19.79 19.79" stroke-dashoffset="19.79" fill="none" stroke="#FFFFFF" stroke-width="2" stroke-linecap="square" stroke-miterlimit="10" d="M9,17l3.9,3.9c0.1,0.1,0.2,0.1,0.3,0L23,11"></path></svg></button></div></div></div></li><li class="product-item product-grid-item product-item--grid2 product-item--FI"><div><a class="product-item-link" href="https://www.matsmart.fi/suodatinkahvi-minova"><div class="product-grid-item-container"><div class="product-grid-item-image-col"><img src="./tea_files/rutasoka_bryggkaffe_minova_svart_ny.jpg" srcset="https://cdn2.matsmart.se/sites/se/files/styles/product_teaser/public/products/rutasoka_bryggkaffe_minova_svart_ny.jpg?itok=tMLgcGdD, https://cdn2.matsmart.se/sites/se/files/styles/product_teaser_2x/public/products/rutasoka_bryggkaffe_minova_svart_ny.jpg?itok=rGfMojX2 2x" alt="product" title="Best before: 06.03.2021" loading="lazy"><div class="eco-badge-icon">LUOMU</div></div><div class="product-item-price"><div property="offers" typeof="Offer" class="product-item-price-numbers product-item-price-numbers--FI"><meta property="availability" href="http://schema.org/InStock"><meta property="url" content="https://matsmart.fiundefined"><meta property="priceCurrency" content="EUR"><span property="price" content="7.99" class="product-price-title">7,99</span><span class="product-price-title medium">€</span></div></div></div><div class="product-grid-item-container product-grid-item-label-header"><span class="label">Suodatinkahvi Minova</span><span class="brand-and-weight">Rutasoka | 500 g</span></div></a></div><div class="actions-container"><div class="favorite-button"><button class="create-favorite-button">Tallenna</button></div><div class="savings-container"><div class="saved-amount"><span>Säästät </span><span>3,51&nbsp;€</span></div><div class="savings-info"><span class="savings-percentage">-31%</span><p class="product-item-old-price"><span class="product-item-old-price line-through">11,50&nbsp;€/kpl</span></p></div></div><div class="buy-box-container"><div class="buy-box"><button class="buy-button"><span class="buy-button-label">Osta</span><svg class="buy-button-checkmark" x="0px" y="0px" width="32px" height="32px" viewBox="0 0 32 32"><path class="buy-button-checkmark-path" stroke-dasharray="19.79 19.79" stroke-dashoffset="19.79" fill="none" stroke="#FFFFFF" stroke-width="2" stroke-linecap="square" stroke-miterlimit="10" d="M9,17l3.9,3.9c0.1,0.1,0.2,0.1,0.3,0L23,11"></path></svg></button></div></div></div></li><li class="product-item product-grid-item product-item--grid2 product-item--FI"><div><a class="product-item-link" href="https://www.matsmart.fi/suodatinkahvi-okapi"><div class="product-grid-item-container"><div class="product-grid-item-image-col"><img src="./tea_files/rutasoka_okapi_bryggmalet_ny_0.jpg" srcset="https://cdn1.matsmart.se/sites/se/files/styles/product_teaser/public/products/rutasoka_okapi_bryggmalet_ny_0.jpg?itok=cbZb6X2W, https://cdn1.matsmart.se/sites/se/files/styles/product_teaser_2x/public/products/rutasoka_okapi_bryggmalet_ny_0.jpg?itok=kpkFsOmi 2x" alt="product" title="Best before: 08/28/2021" loading="lazy"><div class="eco-badge-icon">LUOMU</div></div><div class="product-item-price"><div property="offers" typeof="Offer" class="product-item-price-numbers product-item-price-numbers--FI"><meta property="availability" href="http://schema.org/InStock"><meta property="url" content="https://matsmart.fiundefined"><meta property="priceCurrency" content="EUR"><span property="price" content="7.99" class="product-price-title">7,99</span><span class="product-price-title medium">€</span></div></div></div><div class="product-grid-item-container product-grid-item-label-header"><span class="label">Suodatinkahvi Okapi </span><span class="brand-and-weight">Rutasoka | 450 g</span></div></a></div><div class="actions-container"><div class="favorite-button"><button class="create-favorite-button">Tallenna</button></div><div class="savings-container"><div class="saved-amount"><span>Säästät </span><span>2,91&nbsp;€</span></div><div class="savings-info"><span class="savings-percentage">-27%</span><p class="product-item-old-price"><span class="product-item-old-price line-through">10,90&nbsp;€/kpl</span></p></div></div><div class="buy-box-container"><div class="buy-box"><button class="buy-button"><span class="buy-button-label">Osta</span><svg class="buy-button-checkmark" x="0px" y="0px" width="32px" height="32px" viewBox="0 0 32 32"><path class="buy-button-checkmark-path" stroke-dasharray="19.79 19.79" stroke-dashoffset="19.79" fill="none" stroke="#FFFFFF" stroke-width="2" stroke-linecap="square" stroke-miterlimit="10" d="M9,17l3.9,3.9c0.1,0.1,0.2,0.1,0.3,0L23,11"></path></svg></button></div></div></div></li><li class="product-item product-grid-item product-item--grid2 product-item--FI"><div><a class="product-item-link" href="https://www.matsmart.fi/"><div class="product-grid-item-container"><div class="product-grid-item-image-col"><img src="./tea_files/sugar_fondant_1.jpg" srcset="https://cdn4.matsmart.se/sites/se/files/styles/product_teaser/public/products/sugar_fondant_1.jpg?itok=QKPqUoAs, https://cdn4.matsmart.se/sites/se/files/styles/product_teaser_2x/public/products/sugar_fondant_1.jpg?itok=C7iNECMK 2x" alt="product" title="Best before: 31.01.2020" loading="lazy"></div><div class="product-item-price"><div property="offers" typeof="Offer" class="product-item-multi-price-wrapper"><meta property="availability" href="http://schema.org/InStock"><meta property="url" content="https://matsmart.fiundefined"><span class="product-item-multi-price-label">4kpl</span><div class="product-item-price-numbers product-item-price-numbers--multi-price product-item-price-numbers--FI"><span property="price" content="2" class="product-price-title">2</span><meta property="priceCurrency" content="EUR"><span class="product-price-title medium">€</span></div><span content="0.69" class="product-item-multi-price-single-price">0,69&nbsp;€/kpl</span></div></div></div><div class="product-grid-item-container product-grid-item-label-header"><span class="label">Vihreä Sokerimassa</span><span class="brand-and-weight">Dr.Oetker | 250g</span></div></a></div><div class="actions-container"><div class="favorite-button"><button class="create-favorite-button">Tallenna</button></div><div class="savings-container"><div class="saved-amount"><span>Säästät </span><span>4,00&nbsp;€/4 kpl</span></div><div class="savings-info"><span class="savings-percentage">-67%</span><p class="product-item-old-price"><span class="product-item-old-price line-through">1,50&nbsp;€/kpl</span></p></div></div><div class="buy-box-container"><div class="buy-box"><button class="buy-button"><span class="buy-button-label">Osta</span><svg class="buy-button-checkmark" x="0px" y="0px" width="32px" height="32px" viewBox="0 0 32 32"><path class="buy-button-checkmark-path" stroke-dasharray="19.79 19.79" stroke-dashoffset="19.79" fill="none" stroke="#FFFFFF" stroke-width="2" stroke-linecap="square" stroke-miterlimit="10" d="M9,17l3.9,3.9c0.1,0.1,0.2,0.1,0.3,0L23,11"></path></svg></button></div></div></div></li><li class="product-item product-grid-item product-item--grid2 product-item--FI"><div><a class="product-item-link" href="https://www.matsmart.fi/luomu-musta-tee"><div class="product-grid-item-container"><div class="product-grid-item-image-col"><img src="./tea_files/fou_earl_grey_eko_fairtrade_16p_eko_.jpg" srcset="https://cdn2.matsmart.se/sites/se/files/styles/product_teaser/public/products/fou_earl_grey_eko_fairtrade_16p_eko_.jpg?itok=wNaEfpLH, https://cdn2.matsmart.se/sites/se/files/styles/product_teaser_2x/public/products/fou_earl_grey_eko_fairtrade_16p_eko_.jpg?itok=AvnMH7ch 2x" alt="product" title="Best before: 28.02.2023" loading="lazy"><div class="eco-badge-icon">LUOMU</div></div><div class="product-item-price"><div property="offers" typeof="Offer" class="product-item-price-numbers product-item-price-numbers--FI"><meta property="availability" href="http://schema.org/InStock"><meta property="url" content="https://matsmart.fiundefined"><meta property="priceCurrency" content="EUR"><span property="price" content="2.99" class="product-price-title">2,99</span><span class="product-price-title medium">€</span></div></div></div><div class="product-grid-item-container product-grid-item-label-header"><span class="label">Luomu Musta Tee</span><span class="brand-and-weight">Four oClock | 32 g</span></div></a></div><div class="actions-container"><div class="favorite-button"><button class="create-favorite-button">Tallenna</button></div><div class="savings-container"><div class="saved-amount"><span>Säästät </span><span>1,71&nbsp;€</span></div><div class="savings-info"><span class="savings-percentage">-36%</span><p class="product-item-old-price"><span class="product-item-old-price line-through">4,70&nbsp;€/kpl</span></p></div></div><div class="buy-box-container"><div class="buy-box"><button class="buy-button"><span class="buy-button-label">Osta</span><svg class="buy-button-checkmark" x="0px" y="0px" width="32px" height="32px" viewBox="0 0 32 32"><path class="buy-button-checkmark-path" stroke-dasharray="19.79 19.79" stroke-dashoffset="19.79" fill="none" stroke="#FFFFFF" stroke-width="2" stroke-linecap="square" stroke-miterlimit="10" d="M9,17l3.9,3.9c0.1,0.1,0.2,0.1,0.3,0L23,11"></path></svg></button></div></div></div></li><li class="product-item product-grid-item product-item--grid2 product-item--FI"><div><a class="product-item-link" href="https://www.matsmart.fi/luomu-vihrea-rooibos-tee"><div class="product-grid-item-container"><div class="product-grid-item-image-col"><img src="./tea_files/fou_rooibos_gront_te_eko_fairtrade_6x16p_16pcs_eko_.jpg" srcset="https://cdn2.matsmart.se/sites/se/files/styles/product_teaser/public/products/fou_rooibos_gront_te_eko_fairtrade_6x16p_16pcs_eko_.jpg?itok=n931H1Hq, https://cdn2.matsmart.se/sites/se/files/styles/product_teaser_2x/public/products/fou_rooibos_gront_te_eko_fairtrade_6x16p_16pcs_eko_.jpg?itok=WxZIwGSf 2x" alt="product" title="Best before: 30.01.2023" loading="lazy"><div class="eco-badge-icon">LUOMU</div></div><div class="product-item-price"><div property="offers" typeof="Offer" class="product-item-price-numbers product-item-price-numbers--FI"><meta property="availability" href="http://schema.org/InStock"><meta property="url" content="https://matsmart.fiundefined"><meta property="priceCurrency" content="EUR"><span property="price" content="2.99" class="product-price-title">2,99</span><span class="product-price-title medium">€</span></div></div></div><div class="product-grid-item-container product-grid-item-label-header"><span class="label">Luomu Vihreä Rooibos Tee</span><span class="brand-and-weight">Four oClock | 27,2 g</span></div></a></div><div class="actions-container"><div class="favorite-button"><button class="create-favorite-button">Tallenna</button></div><div class="savings-container"><div class="saved-amount"><span>Säästät </span><span>1,71&nbsp;€</span></div><div class="savings-info"><span class="savings-percentage">-36%</span><p class="product-item-old-price"><span class="product-item-old-price line-through">4,70&nbsp;€/kpl</span></p></div></div><div class="buy-box-container"><div class="buy-box"><button class="buy-button"><span class="buy-button-label">Osta</span><svg class="buy-button-checkmark" x="0px" y="0px" width="32px" height="32px" viewBox="0 0 32 32"><path class="buy-button-checkmark-path" stroke-dasharray="19.79 19.79" stroke-dashoffset="19.79" fill="none" stroke="#FFFFFF" stroke-width="2" stroke-linecap="square" stroke-miterlimit="10" d="M9,17l3.9,3.9c0.1,0.1,0.2,0.1,0.3,0L23,11"></path></svg></button></div></div></div></li><li class="product-item product-grid-item product-item--grid2 product-item--FI"><div><a class="product-item-link" href="https://www.matsmart.fi/luomu-vihrea-chai"><div class="product-grid-item-container"><div class="product-grid-item-image-col"><img src="./tea_files/fou_gront_chai_eko_fairtrade_16p_eko_.jpg" srcset="https://cdn2.matsmart.se/sites/se/files/styles/product_teaser/public/products/fou_gront_chai_eko_fairtrade_16p_eko_.jpg?itok=6N8X3YS3, https://cdn2.matsmart.se/sites/se/files/styles/product_teaser_2x/public/products/fou_gront_chai_eko_fairtrade_16p_eko_.jpg?itok=vfhPXdbe 2x" alt="product" title="Best before: 30.06.2022" loading="lazy"><div class="eco-badge-icon">LUOMU</div></div><div class="product-item-price"><div property="offers" typeof="Offer" class="product-item-price-numbers product-item-price-numbers--FI"><meta property="availability" href="http://schema.org/InStock"><meta property="url" content="https://matsmart.fiundefined"><meta property="priceCurrency" content="EUR"><span property="price" content="2.99" class="product-price-title">2,99</span><span class="product-price-title medium">€</span></div></div></div><div class="product-grid-item-container product-grid-item-label-header"><span class="label">Luomu Vihreä Chai</span><span class="brand-and-weight">Four oClock | 32 g</span></div></a></div><div class="actions-container"><div class="favorite-button"><button class="create-favorite-button">Tallenna</button></div><div class="savings-container"><div class="saved-amount"><span>Säästät </span><span>1,71&nbsp;€</span></div><div class="savings-info"><span class="savings-percentage">-36%</span><p class="product-item-old-price"><span class="product-item-old-price line-through">4,70&nbsp;€/kpl</span></p></div></div><div class="buy-box-container"><div class="buy-box"><button class="buy-button"><span class="buy-button-label">Osta</span><svg class="buy-button-checkmark" x="0px" y="0px" width="32px" height="32px" viewBox="0 0 32 32"><path class="buy-button-checkmark-path" stroke-dasharray="19.79 19.79" stroke-dashoffset="19.79" fill="none" stroke="#FFFFFF" stroke-width="2" stroke-linecap="square" stroke-miterlimit="10" d="M9,17l3.9,3.9c0.1,0.1,0.2,0.1,0.3,0L23,11"></path></svg></button></div></div></div></li><li class="product-item product-grid-item product-item--grid2 product-item--FI"><div><a class="product-item-link" href="https://www.matsmart.fi/maustettu-tee-zen-hetki"><div class="product-grid-item-container"><div class="product-grid-item-image-col"><img src="./tea_files/nordqvist_zen_hetki.jpg" srcset="https://cdn2.matsmart.se/sites/se/files/styles/product_teaser/public/products/nordqvist_zen_hetki.jpg?itok=FKQkuu_L, https://cdn2.matsmart.se/sites/se/files/styles/product_teaser_2x/public/products/nordqvist_zen_hetki.jpg?itok=dp42spZ3 2x" alt="product" title="Best before: 31.08.2020" loading="lazy"></div><div class="product-item-price"><div property="offers" typeof="Offer" class="product-item-price-numbers product-item-price-numbers--FI"><meta property="availability" href="http://schema.org/InStock"><meta property="url" content="https://matsmart.fiundefined"><meta property="priceCurrency" content="EUR"><span property="price" content="1.59" class="product-price-title">1,59</span><span class="product-price-title medium">€</span></div></div></div><div class="product-grid-item-container product-grid-item-label-header"><span class="label">Maustettu Tee Zen Hetki</span><span class="brand-and-weight">Nordqvist | 35g</span></div></a></div><div class="actions-container"><div class="favorite-button"><button class="create-favorite-button">Tallenna</button></div><div class="savings-container"><div class="saved-amount"><span>Säästät </span><span>0,40&nbsp;€</span></div><div class="savings-info"><span class="savings-percentage">-20%</span><p class="product-item-old-price"><span class="product-item-old-price line-through">1,99&nbsp;€/kpl</span></p></div></div><div class="buy-box-container"><div class="buy-box"><button class="buy-button"><span class="buy-button-label">Osta</span><svg class="buy-button-checkmark" x="0px" y="0px" width="32px" height="32px" viewBox="0 0 32 32"><path class="buy-button-checkmark-path" stroke-dasharray="19.79 19.79" stroke-dashoffset="19.79" fill="none" stroke="#FFFFFF" stroke-width="2" stroke-linecap="square" stroke-miterlimit="10" d="M9,17l3.9,3.9c0.1,0.1,0.2,0.1,0.3,0L23,11"></path></svg></button></div></div></div></li><li class="product-item product-grid-item product-item--grid2 product-item--FI"><div><a class="product-item-link" href="https://www.matsmart.fi/luomu-tee-granaattiomena-echinacea"><div class="product-grid-item-container"><div class="product-grid-item-image-col"><img src="./tea_files/fou_granatapple_echinacea_eko_fairtrade_16p_eko.jpg" srcset="https://cdn1.matsmart.se/sites/se/files/styles/product_teaser/public/products/fou_granatapple_echinacea_eko_fairtrade_16p_eko.jpg?itok=1YP1ZiqH, https://cdn1.matsmart.se/sites/se/files/styles/product_teaser_2x/public/products/fou_granatapple_echinacea_eko_fairtrade_16p_eko.jpg?itok=M6qijTR_ 2x" alt="product" title="Best before: 30.05.2022" loading="lazy"><div class="eco-badge-icon">LUOMU</div></div><div class="product-item-price"><div property="offers" typeof="Offer" class="product-item-price-numbers product-item-price-numbers--FI"><meta property="availability" href="http://schema.org/InStock"><meta property="url" content="https://matsmart.fiundefined"><meta property="priceCurrency" content="EUR"><span property="price" content="2.99" class="product-price-title">2,99</span><span class="product-price-title medium">€</span></div></div></div><div class="product-grid-item-container product-grid-item-label-header"><span class="label">Luomu Tee Granaattiomena &amp; Echinacea</span><span class="brand-and-weight"><font style="vertical-align: inherit;"><font style="vertical-align: inherit;">Four oClock </font></font> <font style="vertical-align: inherit;"><font style="vertical-align: inherit;">| </font></font> <font style="vertical-align: inherit;"><font style="vertical-align: inherit;">28.8 g</font></font></span></div></a></div><div class="actions-container"><div class="favorite-button"><button class="create-favorite-button"><font style="vertical-align: inherit;"><font style="vertical-align: inherit;">save</font></font></button></div><div class="savings-container"><div class="saved-amount"><span><font style="vertical-align: inherit;"><font style="vertical-align: inherit;">You save</font></font> </span><span><font style="vertical-align: inherit;"><font style="vertical-align: inherit;">€ 1.71</font></font></span></div><div class="savings-info"><span class="savings-percentage"><font style="vertical-align: inherit;"><font style="vertical-align: inherit;">-</font></font>36%</span><p class="product-item-old-price"><span class="product-item-old-price line-through"><font style="vertical-align: inherit;"><font style="vertical-align: inherit;">4.70 € / pc</font></font></span></p></div></div><div class="buy-box-container"><div class="buy-box"><button class="buy-button"><span class="buy-button-label"><font style="vertical-align: inherit;"><font style="vertical-align: inherit;">Buy</font></font></span><svg class="buy-button-checkmark" x="0px" y="0px" width="32px" height="32px" viewBox="0 0 32 32"><path class="buy-button-checkmark-path" stroke-dasharray="19.79 19.79" stroke-dashoffset="19.79" fill="none" stroke="#FFFFFF" stroke-width="2" stroke-linecap="square" stroke-miterlimit="10" d="M9,17l3.9,3.9c0.1,0.1,0.2,0.1,0.3,0L23,11"></path></svg></button></div></div></div></li><li class="product-item product-grid-item product-item--grid2 product-item--FI"><div><a class="product-item-link" href="https://www.matsmart.fi/luomu-chai-tee"><div class="product-grid-item-container"><div class="product-grid-item-image-col"><img src="./tea_files/fou_vitt_chai_eko_fairtrade_6x16p_16pcs_eko_.jpg" srcset="https://cdn4.matsmart.se/sites/se/files/styles/product_teaser/public/products/fou_vitt_chai_eko_fairtrade_6x16p_16pcs_eko_.jpg?itok=7NewsWtl, https://cdn4.matsmart.se/sites/se/files/styles/product_teaser_2x/public/products/fou_vitt_chai_eko_fairtrade_6x16p_16pcs_eko_.jpg?itok=4MzhH3oS 2x" alt="product" title="Best before: 28.02.2023" loading="lazy"><div class="eco-badge-icon"><font style="vertical-align: inherit;"><font style="vertical-align: inherit;">ORGANIC</font></font></div></div><div class="product-item-price"><div property="offers" typeof="Offer" class="product-item-price-numbers product-item-price-numbers--FI"><meta property="availability" href="http://schema.org/InStock"><meta property="url" content="https://matsmart.fiundefined"><meta property="priceCurrency" content="EUR"><span property="price" content="2.99" class="product-price-title"><font style="vertical-align: inherit;"><font style="vertical-align: inherit;">2.99</font></font></span><span class="product-price-title medium"><font style="vertical-align: inherit;"><font style="vertical-align: inherit;">€</font></font></span></div></div></div><div class="product-grid-item-container product-grid-item-label-header"><span class="label"><font style="vertical-align: inherit;"><font style="vertical-align: inherit;">Organic Chai Tee </font></font></span><span class="brand-and-weight"><font style="vertical-align: inherit;"><font style="vertical-align: inherit;">Four oClock </font></font> <font style="vertical-align: inherit;"><font style="vertical-align: inherit;">| </font></font> <font style="vertical-align: inherit;"><font style="vertical-align: inherit;">32g</font></font></span></div></a></div><div class="actions-container"><div class="favorite-button"><button class="create-favorite-button"><font style="vertical-align: inherit;"><font style="vertical-align: inherit;">save</font></font></button></div><div class="savings-container"><div class="saved-amount"><span><font style="vertical-align: inherit;"><font style="vertical-align: inherit;">You save</font></font> </span><span><font style="vertical-align: inherit;"><font style="vertical-align: inherit;">€ 1.71</font></font></span></div><div class="savings-info"><span class="savings-percentage"><font style="vertical-align: inherit;"><font style="vertical-align: inherit;">-</font></font>36%</span><p class="product-item-old-price"><span class="product-item-old-price line-through"><font style="vertical-align: inherit;"><font style="vertical-align: inherit;">4.70 € / pc</font></font></span></p></div></div><div class="buy-box-container"><div class="buy-box"><button class="buy-button"><span class="buy-button-label"><font style="vertical-align: inherit;"><font style="vertical-align: inherit;">Buy</font></font></span><svg class="buy-button-checkmark" x="0px" y="0px" width="32px" height="32px" viewBox="0 0 32 32"><path class="buy-button-checkmark-path" stroke-dasharray="19.79 19.79" stroke-dashoffset="19.79" fill="none" stroke="#FFFFFF" stroke-width="2" stroke-linecap="square" stroke-miterlimit="10" d="M9,17l3.9,3.9c0.1,0.1,0.2,0.1,0.3,0L23,11"></path></svg></button></div></div></div></li><li class="product-item product-grid-item product-item--grid2 product-item--FI"><div><a class="product-item-link" href="https://www.matsmart.fi/luomu-vihrea-tee-inkivaari-kookos"><div class="product-grid-item-container"><div class="product-grid-item-image-col"><img src="./tea_files/fou_gront_te_kokos_ingefara_eko_fairtrade_16p_eko.jpg" srcset="https://cdn4.matsmart.se/sites/se/files/styles/product_teaser/public/products/fou_gront_te_kokos_ingefara_eko_fairtrade_16p_eko.jpg?itok=MsFOtXHj, https://cdn4.matsmart.se/sites/se/files/styles/product_teaser_2x/public/products/fou_gront_te_kokos_ingefara_eko_fairtrade_16p_eko.jpg?itok=K3K4baPH 2x" alt="product" title="Best before: 11/30/2021" loading="lazy"><div class="eco-badge-icon"><font style="vertical-align: inherit;"><font style="vertical-align: inherit;">ORGANIC</font></font></div></div><div class="product-item-price"><div property="offers" typeof="Offer" class="product-item-price-numbers product-item-price-numbers--FI"><meta property="availability" href="http://schema.org/InStock"><meta property="url" content="https://matsmart.fiundefined"><meta property="priceCurrency" content="EUR"><span property="price" content="2.99" class="product-price-title"><font style="vertical-align: inherit;"><font style="vertical-align: inherit;">2.99</font></font></span><span class="product-price-title medium"><font style="vertical-align: inherit;"><font style="vertical-align: inherit;">€</font></font></span></div></div></div><div class="product-grid-item-container product-grid-item-label-header"><span class="label"><font style="vertical-align: inherit;"><font style="vertical-align: inherit;">Organic Green Tea with Ginger &amp; Coconut</font></font></span><span class="brand-and-weight"><font style="vertical-align: inherit;"><font style="vertical-align: inherit;">Four oClock </font></font> <font style="vertical-align: inherit;"><font style="vertical-align: inherit;">| </font></font> <font style="vertical-align: inherit;"><font style="vertical-align: inherit;">28.8 g</font></font></span></div></a></div><div class="actions-container"><div class="favorite-button"><button class="create-favorite-button"><font style="vertical-align: inherit;"><font style="vertical-align: inherit;">save</font></font></button></div><div class="savings-container"><div class="saved-amount"><span><font style="vertical-align: inherit;"><font style="vertical-align: inherit;">You save</font></font> </span><span><font style="vertical-align: inherit;"><font style="vertical-align: inherit;">€ 1.71</font></font></span></div><div class="savings-info"><span class="savings-percentage"><font style="vertical-align: inherit;"><font style="vertical-align: inherit;">-</font></font>36%</span><p class="product-item-old-price"><span class="product-item-old-price line-through"><font style="vertical-align: inherit;"><font style="vertical-align: inherit;">4.70 € / pc</font></font></span></p></div></div><div class="buy-box-container"><div class="buy-box"><button class="buy-button"><span class="buy-button-label"><font style="vertical-align: inherit;"><font style="vertical-align: inherit;">Buy</font></font></span><svg class="buy-button-checkmark" x="0px" y="0px" width="32px" height="32px" viewBox="0 0 32 32"><path class="buy-button-checkmark-path" stroke-dasharray="19.79 19.79" stroke-dashoffset="19.79" fill="none" stroke="#FFFFFF" stroke-width="2" stroke-linecap="square" stroke-miterlimit="10" d="M9,17l3.9,3.9c0.1,0.1,0.2,0.1,0.3,0L23,11"></path></svg></button></div></div></div></li><li class="product-item product-grid-item product-item--grid2 product-item--FI"><div><a class="product-item-link" href="https://www.matsmart.fi/luomu-english-breakfast-tee"><div class="product-grid-item-container"><div class="product-grid-item-image-col"><img src="./tea_files/fou_english_breakfast_eko_fairtrade_16p_eko_.jpg" srcset="https://cdn4.matsmart.se/sites/se/files/styles/product_teaser/public/products/fou_english_breakfast_eko_fairtrade_16p_eko_.jpg?itok=yEINfc6-, https://cdn4.matsmart.se/sites/se/files/styles/product_teaser_2x/public/products/fou_english_breakfast_eko_fairtrade_16p_eko_.jpg?itok=8N7AErQ- 2x" alt="product" title="Best before: 12/30/2022" loading="lazy"><div class="eco-badge-icon"><font style="vertical-align: inherit;"><font style="vertical-align: inherit;">ORGANIC</font></font></div></div><div class="product-item-price"><div property="offers" typeof="Offer" class="product-item-price-numbers product-item-price-numbers--FI"><meta property="availability" href="http://schema.org/InStock"><meta property="url" content="https://matsmart.fiundefined"><meta property="priceCurrency" content="EUR"><span property="price" content="2.99" class="product-price-title"><font style="vertical-align: inherit;"><font style="vertical-align: inherit;">2.99</font></font></span><span class="product-price-title medium"><font style="vertical-align: inherit;"><font style="vertical-align: inherit;">€</font></font></span></div></div></div><div class="product-grid-item-container product-grid-item-label-header"><span class="label"><font style="vertical-align: inherit;"><font style="vertical-align: inherit;">Organic English Breakfast Tea</font></font></span><span class="brand-and-weight"><font style="vertical-align: inherit;"><font style="vertical-align: inherit;">Four oClock </font></font> <font style="vertical-align: inherit;"><font style="vertical-align: inherit;">| </font></font> <font style="vertical-align: inherit;"><font style="vertical-align: inherit;">32 g</font></font></span></div></a></div><div class="actions-container"><div class="favorite-button"><button class="create-favorite-button"><font style="vertical-align: inherit;"><font style="vertical-align: inherit;">save</font></font></button></div><div class="savings-container"><div class="saved-amount"><span><font style="vertical-align: inherit;"><font style="vertical-align: inherit;">You save</font></font> </span><span><font style="vertical-align: inherit;"><font style="vertical-align: inherit;">€ 1.71</font></font></span></div><div class="savings-info"><span class="savings-percentage"><font style="vertical-align: inherit;"><font style="vertical-align: inherit;">-</font></font>36%</span><p class="product-item-old-price"><span class="product-item-old-price line-through"><font style="vertical-align: inherit;"><font style="vertical-align: inherit;">4.70 € / pc</font></font></span></p></div></div><div class="buy-box-container"><div class="buy-box"><button class="buy-button"><span class="buy-button-label"><font style="vertical-align: inherit;"><font style="vertical-align: inherit;">Buy</font></font></span><svg class="buy-button-checkmark" x="0px" y="0px" width="32px" height="32px" viewBox="0 0 32 32"><path class="buy-button-checkmark-path" stroke-dasharray="19.79 19.79" stroke-dashoffset="19.79" fill="none" stroke="#FFFFFF" stroke-width="2" stroke-linecap="square" stroke-miterlimit="10" d="M9,17l3.9,3.9c0.1,0.1,0.2,0.1,0.3,0L23,11"></path></svg></button></div></div></div></li><li class="product-item product-grid-item product-item--grid2 product-item--FI"><div><a class="product-item-link" href="https://www.matsmart.fi/"><div class="product-grid-item-container"><div class="product-grid-item-image-col"><img src="./tea_files/yellow_mustard_sweet_heinz_senap.jpg" srcset="https://cdn4.matsmart.se/sites/se/files/styles/product_teaser/public/products/yellow_mustard_sweet_heinz_senap.jpg?itok=n9cTWRme, https://cdn4.matsmart.se/sites/se/files/styles/product_teaser_2x/public/products/yellow_mustard_sweet_heinz_senap.jpg?itok=bCwqj9bE 2x" alt="product" title="Best before: 30.08.2020" loading="lazy"></div><div class="product-item-price"><div property="offers" typeof="Offer" class="product-item-multi-price-wrapper"><meta property="availability" href="http://schema.org/InStock"><meta property="url" content="https://matsmart.fiundefined"><span class="product-item-multi-price-label"><font style="vertical-align: inherit;"><font style="vertical-align: inherit;">2 pieces</font></font></span><div class="product-item-price-numbers product-item-price-numbers--multi-price product-item-price-numbers--FI"><span property="price" content="2" class="product-price-title"><font style="vertical-align: inherit;"><font style="vertical-align: inherit;">2</font></font></span><meta property="priceCurrency" content="EUR"><span class="product-price-title medium"><font style="vertical-align: inherit;"><font style="vertical-align: inherit;">€</font></font></span></div><span content="1.49" class="product-item-multi-price-single-price"><font style="vertical-align: inherit;"><font style="vertical-align: inherit;">1.49 € </font></font><font style="vertical-align: inherit;"><font style="vertical-align: inherit;">/ pc</font></font></span></div></div></div><div class="product-grid-item-container product-grid-item-label-header"><span class="label"><font style="vertical-align: inherit;"><font style="vertical-align: inherit;">Honey mustard</font></font></span><span class="brand-and-weight"><font style="vertical-align: inherit;"><font style="vertical-align: inherit;">Heinz </font></font> <font style="vertical-align: inherit;"><font style="vertical-align: inherit;">| </font></font> <font style="vertical-align: inherit;"><font style="vertical-align: inherit;">220 ml</font></font></span></div></a></div><div class="actions-container"><div class="favorite-button"><button class="create-favorite-button"><font style="vertical-align: inherit;"><font style="vertical-align: inherit;">save</font></font></button></div><div class="savings-container"><div class="saved-amount"><span><font style="vertical-align: inherit;"><font style="vertical-align: inherit;">You save</font></font> </span><span><font style="vertical-align: inherit;"><font style="vertical-align: inherit;">3.58 € </font></font><font style="vertical-align: inherit;"><font style="vertical-align: inherit;">/ 2 pcs</font></font></span></div><div class="savings-info"><span class="savings-percentage"><font style="vertical-align: inherit;"><font style="vertical-align: inherit;">-</font></font>64%</span><p class="product-item-old-price"><span class="product-item-old-price line-through"><font style="vertical-align: inherit;"><font style="vertical-align: inherit;">2.79 € / pc</font></font></span></p></div></div><div class="buy-box-container"><div class="buy-box"><button class="buy-button"><span class="buy-button-label"><font style="vertical-align: inherit;"><font style="vertical-align: inherit;">Buy</font></font></span><svg class="buy-button-checkmark" x="0px" y="0px" width="32px" height="32px" viewBox="0 0 32 32"><path class="buy-button-checkmark-path" stroke-dasharray="19.79 19.79" stroke-dashoffset="19.79" fill="none" stroke="#FFFFFF" stroke-width="2" stroke-linecap="square" stroke-miterlimit="10" d="M9,17l3.9,3.9c0.1,0.1,0.2,0.1,0.3,0L23,11"></path></svg></button></div></div></div></li></ul></div></div></div></div></div><div class="footer-container footer-container--FI"><div class="footer"><div class="column column0 true"><h3><font style="vertical-align: inherit;"><font style="vertical-align: inherit;">Matsmart made simple</font></font></h3><ul><li><a href="https://www.matsmart.fi/nain-matsmart-toimii"><font style="vertical-align: inherit;"><font style="vertical-align: inherit;">This is how Matsmart works</font></font></a></li><li><a href="https://www.matsmart.fi/info/matsmartin-visio"><font style="vertical-align: inherit;"><font style="vertical-align: inherit;">Matsmart's vision</font></font></a></li><li><a href="https://www.matsmart.fi/info/toimitus"><font style="vertical-align: inherit;"><font style="vertical-align: inherit;">Delivery</font></font></a></li><li><a href="https://www.matsmart.fi/asiakaspalvelu"><font style="vertical-align: inherit;"><font style="vertical-align: inherit;">Frequently asked Questions</font></font></a></li><li><a href="https://www.matsmart.fi/info/matsmart-community"><font style="vertical-align: inherit;"><font style="vertical-align: inherit;">Join the Matsmart community</font></font></a></li></ul></div><div class="column column1 true"><h3><font style="vertical-align: inherit;"><font style="vertical-align: inherit;">The Fine print</font></font></h3><ul><li><a href="https://www.matsmart.fi/info/matsmart-pelastustehtavissa-vuodesta-2014-asti"><font style="vertical-align: inherit;"><font style="vertical-align: inherit;">Where it all started</font></font></a></li><li><a href="https://www.matsmart.fi/info/evasteet"><font style="vertical-align: inherit;"><font style="vertical-align: inherit;">Cookies</font></font></a></li><li><a href="https://www.matsmart.fi/info/tietosuojakaytanto"><font style="vertical-align: inherit;"><font style="vertical-align: inherit;">Privacy Policy</font></font></a></li><li><a href="https://www.matsmart.fi/info/sopimusehdot"><font style="vertical-align: inherit;"><font style="vertical-align: inherit;">Terms and conditions</font></font></a></li></ul></div><div class="column column2 true"><h3><font style="vertical-align: inherit;"><font style="vertical-align: inherit;">Join Matsmart</font></font></h3><ul><li><a href="https://www.matsmart.fi/uutiskirje"><font style="vertical-align: inherit;"><font style="vertical-align: inherit;">Newsletter</font></font></a></li><li><a href="https://www.matsmart.fi/info/tavarantoimittajille"><font style="vertical-align: inherit;"><font style="vertical-align: inherit;">For suppliers</font></font></a></li><li><a href="https://people.matsmart.se/"><font style="vertical-align: inherit;"><font style="vertical-align: inherit;">Join the team</font></font></a></li><li><a href="https://www.mynewsdesk.com/fi/matsmart"><font style="vertical-align: inherit;"><font style="vertical-align: inherit;">For the media</font></font></a></li></ul></div><div class="contact"><ul><li><a class="contact-button contact-button--Ota yhteyttä" href="https://www.matsmart.fi/asiakaspalvelu"><i class="email"></i><span><font style="vertical-align: inherit;"><font style="vertical-align: inherit;">Take contact</font></font></span></a></li><li><a class="contact-button contact-button--09 4245 2972 (ma-pe klo 10-16)" href="tel:0942452972"><i class="phone"></i><span><font style="vertical-align: inherit;"><font style="vertical-align: inherit;">09 4245 2972 </font></font><span class="sub"><font style="vertical-align: inherit;"><font style="vertical-align: inherit;">( </font></font><!-- --><font style="vertical-align: inherit;"><font style="vertical-align: inherit;">Mon-Fri 10 am-4pm)</font></font></span></span></a></li><li><a class="contact-button contact-button--Asiakaspalvelu" href="https://www.matsmart.fi/asiakaspalvelu"><i class="customer-support"></i><span><font style="vertical-align: inherit;"><font style="vertical-align: inherit;">Customer service</font></font></span></a></li></ul></div><div class="footer-matsmart-badge-row"><a class="footer-logo--safe-ecom-se" href="https://dhandel.se/trygg-e-handel/certifierade-e-handlare/?id=1348" target="_blank" rel="noopener noreferrer">Trygg ehandel</a><div class="trustpilot-widget" data-locale="sv-SE" data-template-id="5419b637fa0340045cd0c936" data-businessunit-id="58078cf90000ff0005964108" data-style-height="20px" data-style-width="100%" data-theme="dark" style="position: relative;"><iframe frameborder="0" scrolling="no" title="Customer reviews powered by Trustpilot" loading="auto" src="./tea_files/index.html" style="position: relative; height: 20px; width: 100%; border-style: none; display: block; overflow: hidden;"></iframe></div></div><div class="footer-logo-row"><span class="footer-logo--klarna"></span><span class="footer-logo--postnord"></span><span class="footer-logo--budbee"></span><span class="footer-logo--airmee"></span><span class="footer-logo--posti"></span><span class="footer-logo--cards"></span></div><div class="footer-matsmart-logo-row"><a class="footer-logo--safe-ecom" href="https://dhandel.se/trygg-e-handel/certifierade-e-handlare/?id=1348" target="_blank" rel="noopener noreferrer"><font style="vertical-align: inherit;"><font style="vertical-align: inherit;">Trygg ehandel</font></font></a><span class="footer-branding-logo"></span><span class="footer-copyright-text"><font style="vertical-align: inherit;"><font style="vertical-align: inherit;">© </font></font><!-- --><font style="vertical-align: inherit;"><font style="vertical-align: inherit;">Matsmart In Scandinavia</font></font></span></div><div class="social"><ul class="social-buttons"><li><a class="social-button social-button--facebook" href="https://www.facebook.com/matsmart.fi" target="_blank" rel="noopener noreferrer"><font style="vertical-align: inherit;"><font style="vertical-align: inherit;">facebook</font></font></a></li><li><a class="social-button social-button--instagram" href="https://www.instagram.com/matsmart.fi/" target="_blank" rel="noopener noreferrer"><font style="vertical-align: inherit;"><font style="vertical-align: inherit;">Instagram</font></font></a></li></ul></div></div></div><button class="back-to-top-button hidden"></button><div class="cookie-banner"><h2><font style="vertical-align: inherit;"><font style="vertical-align: inherit;">Cookie policies</font></font></h2><span><p><font style="vertical-align: inherit;"><font style="vertical-align: inherit;">We use our own and third-party cookies on our website. </font><font style="vertical-align: inherit;">Read more about our </font></font><a href="https://www.matsmart.fi/info/evasteet"><font style="vertical-align: inherit;"><font style="vertical-align: inherit;">cookie policy</font></font></a><font style="vertical-align: inherit;"><font style="vertical-align: inherit;"> . </font><font style="vertical-align: inherit;">You can block the use of cookies in your web browser settings.</font></font></p></span><button><font style="vertical-align: inherit;"><font style="vertical-align: inherit;">ALRIGHT</font></font></button></div></div></div></div></div><script>window.__PRELOADED_STATE__={"categoryState":{"category":{"14471":{"id":14471,"label":"Ruokakomero","self":"https://api.matsmart.se/api/v1.0/categories/14471","meta_description":"Aika täyttää kaapit edullisella ruoalla. Pastaa tiistaina, keittoa keskiviikkona? Kokeile rohkeasti uutta tai pelasta vanhat tutut hävikiltä.","parent":[[]],"weight":24,"alias":"ruokakomero-0"},"14476":{"id":14476,"label":"Pastat, Riisit & Nuudelit","self":"https://api.matsmart.se/api/v1.0/categories/14476","meta_description":null,"parent":[14471],"weight":0,"alias":"pastat-riisit-nuudelit"},"14481":{"id":14481,"label":"Säilykkeet & Ateria-ainekset","self":"https://api.matsmart.se/api/v1.0/categories/14481","meta_description":null,"parent":[14471],"weight":1,"alias":"sailykkeet-ateria-ainekset"},"14486":{"id":14486,"label":"Maustaminen","self":"https://api.matsmart.se/api/v1.0/categories/14486","meta_description":null,"parent":[14471],"weight":2,"alias":"maustaminen"},"14491":{"id":14491,"label":"Kastikkeet & Öljyt","self":"https://api.matsmart.se/api/v1.0/categories/14491","meta_description":null,"parent":[14471],"weight":3,"alias":"kastikkeet-oljyt-0"},"14496":{"id":14496,"label":"Kahvit & Teet","self":"https://api.matsmart.se/api/v1.0/categories/14496","meta_description":null,"parent":[14471],"weight":4,"alias":"kahvit-teet"},"14506":{"id":14506,"label":"Hiutaleet, Murot & Myslit","self":"https://api.matsmart.se/api/v1.0/categories/14506","meta_description":null,"parent":[14471],"weight":5,"alias":"hiutaleet-murot-myslit"},"14521":{"id":14521,"label":"Leivonta & Jälkiruoat","self":"https://api.matsmart.se/api/v1.0/categories/14521","meta_description":null,"parent":[14471],"weight":6,"alias":"leivonta-jalkiruoat"},"14526":{"id":14526,"label":"Leivät, kakut & keksit","self":"https://api.matsmart.se/api/v1.0/categories/14526","meta_description":"Pelastetaan hävikkiä yksi keksi - ja miksei koko paketti - kerralla. Näistä herkuista lompakkokin kiittää.","parent":[[]],"weight":18,"alias":"leivat-kakut-keksit-0"},"14531":{"id":14531,"label":"Suurpakkaukset","self":"https://api.matsmart.se/api/v1.0/categories/14531","meta_description":"Suuri pakkaus tuo suuret säästöt! Kun tiedät mitä haluat, valitse säästöpakkaus niin tavara ei varmasti lopu kesken.","parent":[[]],"weight":11,"alias":"suurpakkaukset-0"},"14536":{"id":14536,"label":"Loppuunmyynti","self":"https://api.matsmart.se/api/v1.0/categories/14536","meta_description":null,"parent":[[]],"weight":12,"alias":"loppuunmyynti"},"14541":{"id":14541,"label":"Leivät & Näkkileivät","self":"https://api.matsmart.se/api/v1.0/categories/14541","meta_description":null,"parent":[14526],"weight":0,"alias":"leivat-nakkileivat"},"14546":{"id":14546,"label":"Kahvileivät & keksit","self":"https://api.matsmart.se/api/v1.0/categories/14546","meta_description":null,"parent":[14526],"weight":1,"alias":"kahvileivat-keksit"},"14551":{"id":14551,"label":"Liikunta & Painonhallinta","self":"https://api.matsmart.se/api/v1.0/categories/14551","meta_description":"Nyt on aika hankkia ravintolisät ja protskut lenkkipolulle tai kuntosalille! Pelasta kanssamme tunnettuja tuotemerkkejä alla olevasta valikoimasta.","parent":[[]],"weight":22,"alias":"liikunta-painonhallinta"},"14556":{"id":14556,"label":"Ateriankorvikkeet","self":"https://api.matsmart.se/api/v1.0/categories/14556","meta_description":null,"parent":[14551],"weight":0,"alias":"ateriankorvikkeet"},"14561":{"id":14561,"label":"Proteiinituotteet","self":"https://api.matsmart.se/api/v1.0/categories/14561","meta_description":null,"parent":[14551],"weight":1,"alias":"proteiinituotteet"},"14566":{"id":14566,"label":"Ravintolisät & Vitamiinit","self":"https://api.matsmart.se/api/v1.0/categories/14566","meta_description":null,"parent":[14551],"weight":3,"alias":"ravintolisat-vitamiinit"},"14571":{"id":14571,"label":"Naposteltavat & Makeiset","self":"https://api.matsmart.se/api/v1.0/categories/14571","meta_description":"Karkkipäivä tuloillaan - tai kenties isommatkin partyt? Meiltä saat kaikkea sipsipusseista megakarkkipakkauksiin!","parent":[[]],"weight":19,"alias":"naposteltavat-makeiset"},"14576":{"id":14576,"label":"Sipsit & Naposteltavat","self":"https://api.matsmart.se/api/v1.0/categories/14576","meta_description":null,"parent":[14571],"weight":0,"alias":"sipsit-naposteltavat"},"14581":{"id":14581,"label":"Pähkinät & Luonnonmakeiset","self":"https://api.matsmart.se/api/v1.0/categories/14581","meta_description":null,"parent":[14571],"weight":1,"alias":"pahkinat-luonnonmakeiset"},"14586":{"id":14586,"label":"Makeiset","self":"https://api.matsmart.se/api/v1.0/categories/14586","meta_description":null,"parent":[14571],"weight":2,"alias":"makeiset"},"14601":{"id":14601,"label":"Juomat","self":"https://api.matsmart.se/api/v1.0/categories/14601","meta_description":"Mehua, energiajuomaa, smoothieta? Pelasta saman tien isompi erä juomaa isoon janoon kanssamme!","parent":[[]],"weight":23,"alias":"juomat-0"},"14631":{"id":14631,"label":"Lapset","self":"https://api.matsmart.se/api/v1.0/categories/14631","meta_description":"Aamupala, välipala, iltapala - hyllymme notkuvat uusia helppoja ruokaideoita ja makuseikkailuja kasvavan lapsen maailmaan.","parent":[[]],"weight":20,"alias":"lapset-0"},"14636":{"id":14636,"label":"KASVISRUOKA","self":"https://api.matsmart.se/api/v1.0/categories/14636","meta_description":null,"parent":[[]],"weight":21,"alias":"kasvisruoka"},"14641":{"id":14641,"label":"Lemmikkieläimet","self":"https://api.matsmart.se/api/v1.0/categories/14641","meta_description":"Kilokaupalla eläinystävän herkkua vaikka kotiovelle toimitettuna. Nosta kissa pöydälle ja valitkaa namit yhdessä!","parent":[[]],"weight":25,"alias":"lemmikkielaimet-0"},"14646":{"id":14646,"label":"Hygienia & Apteekki","self":"https://api.matsmart.se/api/v1.0/categories/14646","meta_description":"Näillä matsmarteilla tuotteilla hampaat kiiltämään, tukka suoraksi ja ei kun menoksi! ","parent":[[]],"weight":27,"alias":"hygienia-apteekki"},"14651":{"id":14651,"label":"Ihonhoito","self":"https://api.matsmart.se/api/v1.0/categories/14651","meta_description":null,"parent":[14646],"weight":0,"alias":"ihonhoito"},"14656":{"id":14656,"label":"Hiukset","self":"https://api.matsmart.se/api/v1.0/categories/14656","meta_description":null,"parent":[14646],"weight":1,"alias":"hiukset"},"14661":{"id":14661,"label":"Suunhoito","self":"https://api.matsmart.se/api/v1.0/categories/14661","meta_description":null,"parent":[14646],"weight":2,"alias":"suunhoito"},"14666":{"id":14666,"label":"Apteekki & Intiimituotteet","self":"https://api.matsmart.se/api/v1.0/categories/14666","meta_description":null,"parent":[14646],"weight":3,"alias":"apteekki-intiimituotteet"},"14671":{"id":14671,"label":"Koti","self":"https://api.matsmart.se/api/v1.0/categories/14671","meta_description":"Pintoihin kiiltoa, vaatteisiin raikasta tuoksua ja keittiö järjestykseen. Superhalpaa ja riittoisaa - osta ennen kuin Martat tilaavat kaiken!","parent":[[]],"weight":15,"alias":"koti"},"15946":{"id":15946,"label":"Välipalat & Energiapatukat","self":"https://api.matsmart.se/api/v1.0/categories/15946","meta_description":null,"parent":[14551],"weight":2,"alias":"valipalat-energiapatukat"},"16206":{"id":16206,"label":"Ihonhoitotuotteet","self":"https://api.matsmart.se/api/v1.0/categories/16206","meta_description":null,"parent":[16246],"weight":0,"alias":"ihonhoitotuotteet-0"},"16246":{"id":16246,"label":"Beauty Sale","self":"https://api.matsmart.se/api/v1.0/categories/16246","meta_description":null,"parent":[[]],"weight":13,"alias":"beauty-sale-1"},"16251":{"id":16251,"label":"Meikit","self":"https://api.matsmart.se/api/v1.0/categories/16251","meta_description":null,"parent":[16246],"weight":1,"alias":"meikit"},"16446":{"id":16446,"label":"Maxikarkki","self":"https://api.matsmart.se/api/v1.0/categories/16446","meta_description":null,"parent":[[]],"weight":28,"alias":"maxikarkki-0"},"16521":{"id":16521,"label":"Kasvot","self":"https://api.matsmart.se/api/v1.0/categories/16521","meta_description":null,"parent":[[]],"weight":14,"alias":"kasvot"},"16571":{"id":16571,"label":"Aurinkotuotteet","self":"https://api.matsmart.se/api/v1.0/categories/16571","meta_description":null,"parent":[[]],"weight":26,"alias":"aurinkotuotteet-0"},"16631":{"id":16631,"label":"Suklaat","self":"https://api.matsmart.se/api/v1.0/categories/16631","meta_description":null,"parent":[14571],"weight":3,"alias":"suklaat"},"17891":{"id":17891,"label":"Hiukset","self":"https://api.matsmart.se/api/v1.0/categories/17891","meta_description":null,"parent":[[]],"weight":16,"alias":"hiukset-0"},"17911":{"id":17911,"label":"Ihonhoito","self":"https://api.matsmart.se/api/v1.0/categories/17911","meta_description":null,"parent":[[]],"weight":17,"alias":"ihonhoito-0"},"17921":{"id":17921,"label":"Kasvot","self":"https://api.matsmart.se/api/v1.0/categories/17921","meta_description":null,"parent":[17911],"weight":0,"alias":"kasvot-0"},"17926":{"id":17926,"label":"Vartalo","self":"https://api.matsmart.se/api/v1.0/categories/17926","meta_description":null,"parent":[17911],"weight":1,"alias":"vartalo"},"22096":{"id":22096,"label":"Mehut & Smoothiet","self":"https://api.matsmart.se/api/v1.0/categories/22096","meta_description":null,"parent":[14601],"weight":1,"alias":"mehut-smoothiet"},"22101":{"id":22101,"label":"Virvoitusjuomat","self":"https://api.matsmart.se/api/v1.0/categories/22101","meta_description":null,"parent":[14601],"weight":0,"alias":"virvoitusjuomat"},"22106":{"id":22106,"label":"Muut","self":"https://api.matsmart.se/api/v1.0/categories/22106","meta_description":null,"parent":[14601],"weight":3,"alias":"muut"},"22111":{"id":22111,"label":"Urheilu- & Hyvinvointijuomat","self":"https://api.matsmart.se/api/v1.0/categories/22111","meta_description":null,"parent":[14601],"weight":2,"alias":"urheilu-hyvinvointijuomat"},"23501":{"id":23501,"label":"Kosmetiikka","self":"https://api.matsmart.se/api/v1.0/categories/23501","meta_description":null,"parent":[14646],"weight":4,"alias":"kosmetiikka"},"24616":{"id":24616,"label":"Juomat","self":"https://api.matsmart.se/api/v1.0/categories/24616","meta_description":null,"parent":[[]],"weight":8,"alias":"juomat"},"24901":{"id":24901,"label":"Silmämeikit","self":"https://api.matsmart.se/api/v1.0/categories/24901","meta_description":null,"parent":[[]],"weight":10,"alias":"silmameikit-1"},"24906":{"id":24906,"label":"Kasvomeikit","self":"https://api.matsmart.se/api/v1.0/categories/24906","meta_description":null,"parent":[[]],"weight":9,"alias":"kasvomeikit-0"},"25051":{"id":25051,"label":"Siivous","self":"https://api.matsmart.se/api/v1.0/categories/25051","meta_description":null,"parent":[14671],"weight":1,"alias":"siivous"},"25056":{"id":25056,"label":"Keittiö","self":"https://api.matsmart.se/api/v1.0/categories/25056","meta_description":null,"parent":[14671],"weight":0,"alias":"keittio"},"25061":{"id":25061,"label":"Käyttötavarat","self":"https://api.matsmart.se/api/v1.0/categories/25061","meta_description":null,"parent":[14671],"weight":2,"alias":"kayttotavarat"},"25071":{"id":25071,"label":"Tarvikkeet","self":"https://api.matsmart.se/api/v1.0/categories/25071","meta_description":null,"parent":[14631],"weight":1,"alias":"tarvikkeet"},"25081":{"id":25081,"label":"Lastenruoka","self":"https://api.matsmart.se/api/v1.0/categories/25081","meta_description":null,"parent":[14631],"weight":0,"alias":"lastenruoka-1"},"25206":{"id":25206,"label":"Lapset","self":"https://api.matsmart.se/api/v1.0/categories/25206","meta_description":null,"parent":[[]],"weight":7,"alias":"lapset"},"25211":{"id":25211,"label":"Naisten Asusteet","self":"https://api.matsmart.se/api/v1.0/categories/25211","meta_description":null,"parent":[25216],"weight":1,"alias":"naisten-asusteet-0"},"25216":{"id":25216,"label":"Naiset","self":"https://api.matsmart.se/api/v1.0/categories/25216","meta_description":null,"parent":[[]],"weight":0,"alias":"naiset"},"25221":{"id":25221,"label":"Miesten Asusteet","self":"https://api.matsmart.se/api/v1.0/categories/25221","meta_description":null,"parent":[25231],"weight":0,"alias":"miesten-asusteet-0"},"25226":{"id":25226,"label":"Naisten Alusvaatteet","self":"https://api.matsmart.se/api/v1.0/categories/25226","meta_description":null,"parent":[25216],"weight":0,"alias":"naisten-alusvaatteet"},"25231":{"id":25231,"label":"Miehet","self":"https://api.matsmart.se/api/v1.0/categories/25231","meta_description":null,"parent":[[]],"weight":6,"alias":"miehet"},"25236":{"id":25236,"label":"Asusteet","self":"https://api.matsmart.se/api/v1.0/categories/25236","meta_description":null,"parent":[25206],"weight":0,"alias":"asusteet-1"},"25241":{"id":25241,"label":"Miesten Alusvaatteet","self":"https://api.matsmart.se/api/v1.0/categories/25241","meta_description":null,"parent":[25231],"weight":1,"alias":"miesten-alusvaatteet"},"25496":{"id":25496,"label":"Green Weeks","self":"https://api.matsmart.se/api/v1.0/categories/25496","meta_description":null,"parent":[[]],"weight":0,"alias":"green-weeks-1"}},"categoryNetworkState":"SUCCESS","categoryNetworkError":null},"menuState":{"menu":{"top":[{"title":"Uusimmat","url":"https://www.matsmart.fi/uusimmat","icon":"msi star","alias":"uusimmat"},{"title":"Nämä viedään käsistä","url":"https://www.matsmart.fi/nama-viedaan-kasista","icon":"msi lifesaver","alias":"nama-viedaan-kasista"}],"shoppingAreaDropdownTitle":"Kuuminta hottia","shoppingAreas":[{},{"title":"VALMIINA SYKSYYN","slug":"valmiina-syksyyn","metaImage":"//images.ctfassets.net/7k9ym4r9m5r2/365TdqRjYyL5x4rhPZ3IyF/6487e6bf6204e7e47a1a0f03def94afc/1200x628_OpenGraph-META_PierreRobert_SE.jpg","description":"Upea valikoima tyylikkäitä Pierre Robert -tuotteita syksyyn nyt huippuhintaan! Valikoimasta löytyy syyspukeutumisen kulmakivet koko perheelle. Älä enää suotta palele syystuiskussa, vaan nappaa suosikit ostoskoriisi.","image":"//images.ctfassets.net/7k9ym4r9m5r2/2O6MkgOkkTbYBrVhD42MaA/527781ce7071711730270ae0dfe90700/1916x1412px_BG-IMG_PierreRobert_SE.jpg","splashImage":"//images.ctfassets.net/7k9ym4r9m5r2/2uuiHly1cLA19cxO2Qf1j1/2c52c40ad36b1959e5d1a684c03a1014/520x520px_Splash__Pierre_Robert_FI.png","landingPageHeader":null,"color":"yellow","headerDescriptionColor":"default","ctaCopy":"Tsekkaa valikoima","pushDescription":"Klassikot Pierre Robertilta nyt huippuhintaan! ","blocks":[{"title":"Pierre Robert","isBanner":false,"productBlock":{"type":"tags","termId":"24946","isSimple":false}},{"title":"Havi","isBanner":false,"productBlock":{"type":"tags","termId":"24706","isSimple":true}},{"title":"Kuumia Juotavia","isBanner":false,"productBlock":{"type":"tags","termId":"24741","isSimple":true}}],"bottomBlocks":false},{"title":"KEITTIÖ­TARVIKKEET","slug":"keittiotarvikkeet","metaImage":"//images.ctfassets.net/7k9ym4r9m5r2/5cT1oqV5qwgzwcu6a4kTTP/ddddff9d687bce67d607524aa5ca085c/1200x628_OpenGraph-META_Mastermark-Magisso_FI.jpg","description":"Keittiötarvikkeita edullisesti arjen apureiksi nyt poistohintaan! Pelasta kanssamme laadukkaat tuotteet tarjoiluun ja ruuan valmistukseen. Alta löydät valikoiman käytännöllisiä ja kestäviä keittiötarvikeita, jotka myös näyttävät upeilta. Tuotteita vain rajoitettu erä, joten toimi nopeasti!","image":"//images.ctfassets.net/7k9ym4r9m5r2/2mUfHZU2oOEmvG29eCSw0G/a632aa63f1f544581c14d2ed9611982e/1916x1412px_BG-IMG_Mastermark-Magisso_FI.jpg","splashImage":"//images.ctfassets.net/7k9ym4r9m5r2/1RrlUA9z0wvUekNfvKYK3m/6ab03bb90a5603f990f4b5cbba895d21/520x520px_Splash_Mastermark-Magisso_FI.png","landingPageHeader":null,"color":"pink","headerDescriptionColor":"dark-blue","ctaCopy":"Tsekkaa valikoima","pushDescription":"Tilaa laadukkaat tuotteet tarjoiluun ja ruuan valmistukseen!","blocks":[{"title":"Keittiötarvikkeet","isBanner":false,"productBlock":{"type":"tags","termId":"25126","isSimple":false}},{"title":"Leivonta & Jälkiruoat","isBanner":false,"productBlock":{"type":"categories","termId":"14521","isSimple":true}},{"title":"KLIKKAA KUVAA JA NAPPAA SYKSYINEN HÄVIKKIRESEPTI!","showTitle":true,"isBanner":false},{"title":"Kuva omenapiirakka","showTitle":false,"isBanner":false,"imageBlock":[{"src":"//images.ctfassets.net/7k9ym4r9m5r2/6INedxMd8MX8CzXLCNsx1A/09815385ddc48ca7152123da4a563b7d/omenapiirakka.jpg","link":"https://www.matsmart.fi/magazine/omenapiirakka-havikkityyliin","title":"omenapiirakka","body":"https://www.matsmart.fi/magazine/omenapiirakka-havikkityyliin"}]},{"title":"Mehut & Smoothiet","isBanner":false,"productBlock":{"type":"categories","termId":"22096","isSimple":true}},{"title":"Siivous","isBanner":false,"productBlock":{"type":"categories","termId":"25051","isSimple":true}},{"title":"Uutena asiakkaana 10%:n lisäale koodilla SYKSYHÄVIKKI","subtitle":"Saat siis 10%* alennuksen koodilla: SYKSYHÄVIKKI. Lisää koodi kassalla ostoskoriisi kohdassa \"Lisää alennuskoodi\".","smallText":"*Koodi koskee uusia Matsmart asiakkaita, kun tilauksen tuotteien minimisumma on vähintään 45 €. Max 1 koodi per asiakas, voim. jopa 30.11.","isBanner":true}],"bottomBlocks":false},{"title":"PELASTA MEIDÄT!","slug":"pelasta-meidat2","metaImage":"//images.ctfassets.net/7k9ym4r9m5r2/3eGT1YvKYbyHxgYTEYnMbe/705547394912906c53c8b6747ef54e18/1200x628_OpenGraph-META_R__dda_oss_FI.jpg","image":"//images.ctfassets.net/7k9ym4r9m5r2/2NsHj4I6icGkf8jl4f2Dcb/cecb79e5dcaf6e6f0544862f3a3ccc0a/1916x1412px_BG-IMG_R__dda_oss_FI.jpg","splashImage":"//images.ctfassets.net/7k9ym4r9m5r2/7fxIg3duEYC5c4pRGm5W1A/1e0fa3744440b269a7af54e8fb7ed30e/520x520px_Splash_R__dda_oss_FI.png","landingPageHeader":null,"color":"red","headerDescriptionColor":"yellow","ctaCopy":"Tsekkaa valikoima","blocks":[{"title":"Pelasta Meidät","isBanner":false,"productBlock":{"type":"tags","termId":"24476","isSimple":false}}],"bottomBlocks":false},{"title":"TUNNELMAA KOTIIN","slug":"tunnelmaa-kotiin","metaImage":"//images.ctfassets.net/7k9ym4r9m5r2/6nYNPWlgSHA7sPl0w8bV33/8a288c714a22446e8e1e98b03fb712b7/1200x628_OpenGraph-META_Havi_Ny_Bild_FI.jpg","image":"//images.ctfassets.net/7k9ym4r9m5r2/5wOmgzctnkcNVgQNEiPUrq/b4e38f3920e3fbb11482078635c93e22/1916x1412px_BG-IMG_Havi_Ny_Bild_FI.jpg","splashImage":"//images.ctfassets.net/7k9ym4r9m5r2/66R81a0NfKlU9eyYa2UGPQ/6ee748fb20589145784b0e103e22e553/520x520px_Splash_Produktkampanj_Panda_FI.png","landingPageHeader":null,"color":"yellow","headerDescriptionColor":"dark-blue","ctaCopy":"Tsekkaa valikoima","pushDescription":"Nappaa kynttilät ja lautasliinat tuomaan tunnelmaa syksyisiin ruokailuhetkiin!","blocks":[{"title":"Valoa ja tunnelmaa pimeneviin iltoihin...","showTitle":true,"body":"Hei kaikki matsmartilaiset – tunnelmalliset illat lähestyvät ja mikä olisikaan parempaa, kun nauttia niistä sankaritekojen myötä!\n\nAlta löydät inspiraatiota ja tuotteita jotka kaipaava juuri SINUN apuasi. \u003c3\n\nEi muuta, kun sankarin viitta ylle ja pelastamaan takuuvarmat suosikit pimeneviin iltoihin!","isBanner":false},{"title":"Uutena asiakkaana 10%:n lisäale koodilla SYKSYHÄVIKKI","subtitle":"Saat siis 10%* alennuksen koodilla: SYKSYHÄVIKKI. Lisää koodi kassalla ostoskoriisi kohdassa \"Lisää alennuskoodi\".","smallText":"*Koodi koskee uusia Matsmart asiakkaita, kun tilauksen tuotteien minimisumma on vähintään 45 €. Max 1 koodi per asiakas, voim. jopa 30.11.","isBanner":true},{"title":"Havi","isBanner":false,"productBlock":{"type":"tags","termId":"24706","isSimple":false}},{"title":"Rocky Road hävikkityyliin","showTitle":true,"body":"Klikkaa kuvaa ja inspiroidu!","isBanner":false},{"title":"rocky road kuva","showTitle":false,"isBanner":false,"imageBlock":[{"src":"//images.ctfassets.net/7k9ym4r9m5r2/2dX3iCTUlFV61nhb5W1QOJ/627639a926f9dcd04efe3ccae969ec6a/Rocky_road.jpg","link":"https://www.matsmart.fi/magazine/rocky-road-havikkia-hyodyntaen","title":"Rocky road","body":"https://www.matsmart.fi/magazine/rocky-road-havikkia-hyodyntaen"}]},{"title":"Kuumia Juotavia","isBanner":false,"productBlock":{"type":"tags","termId":"24741","isSimple":true}},{"title":"Kahvileivät & keksit","isBanner":false,"productBlock":{"type":"categories","termId":"14546","isSimple":true}},{"title":"Leivonta & Jälkiruoat","isBanner":false,"productBlock":{"type":"categories","termId":"14521","isSimple":true},"flowboxKey":"LNxZDDiyR7Osyr4dJrbp7Q"}],"bottomBlocks":false},{"title":"AAMIAISELLE","slug":"aamiaispoytaan","metaImage":"//images.ctfassets.net/7k9ym4r9m5r2/1BTte4gOS8hfYfBPYgi0rR/028c174e6ebe34545076551b482d44a9/1200x628_OpenGraph-META_Breakfast_FI.jpg","description":"Aamupala on meidän suosikki ateriamme Matsmartilla ja me uskommekin, että se on myös päivän tärkein ateria! Pistä päivä käyntiin hyvällä aamupalalla ja tilaa nyt aamiaispöydän suosikit suoraan kotiisi pilkkahintaan. Valikoimasta löydät mm. parhaat mehut, kahvit ja myslit. ","image":"//images.ctfassets.net/7k9ym4r9m5r2/4lz9bPKJcdC9fYSyjGs5gV/cd855fa2feec0223af90c12ec843e287/1916x1412px_BG-IMG_Breakfast_FI.jpg","splashImage":"//images.ctfassets.net/7k9ym4r9m5r2/5csyAg8FbHPl5ekQYObuaL/7d7a071ec2cffdeb3b988288789d0f6a/520x520px_Splash_Breakfast_FI.png","landingPageHeader":null,"color":"light-blue","headerDescriptionColor":"dark-blue","ctaCopy":"Tsekkaa valikoima","pushDescription":"Tilaa maukkaat syötävät ja juotavat aamiaispöytään!","blocks":[{"title":"Aamiainen","isBanner":false,"productBlock":{"type":"tags","termId":"22896","isSimple":false}}],"bottomBlocks":false},{"title":"BEAUTY SALE","slug":"beautysale","metaImage":"//images.ctfassets.net/7k9ym4r9m5r2/1phnQeCgdmjIh1n8MJuEvl/7e27b558b0da066b89204b9a6968aed5/1200x628_OpenGraph-META_BeautySale-Generell_FI.jpg","image":"//images.ctfassets.net/7k9ym4r9m5r2/1tVwpGY0jF4fu2adpOxMjU/54549ef754ba4adf134f57c6999c1147/1916x1412px_BackgroundImage_BeautySale-Generell_FI.jpg","splashImage":"//images.ctfassets.net/7k9ym4r9m5r2/5IlkJjy2BOxCkVgQ6RuEaE/30d29ec824cbf5d88fd662496101f9a5/520x520px_Splash_BeautySale-Generell_FI.png","landingPageHeader":null,"color":"pink","headerDescriptionColor":"dark-blue","ctaCopy":"Tsekkaa valikoima","pushDescription":"Tilaa meikit ja kauneudenhoitotuotteet edullisin hinnoin!","launchDate":"2020-09-24T10:00+02:00","showLaunchCountdown":true,"blocks":[{"title":"Annetaan kauneudenhoitotuotteille uusi elämä","showTitle":true,"body":"Viime vuonna Matsmartin suomalaiset asiakkaat pelastivat yli 1,2 miljoonaa kiloa ruokaa. Nyt voimme pelastaa yhdessä myös IHANIA kauneudenhoitotuotteita!\n\nEdellisen vuoden mallisto, pakkausvaihdokset, sesonkituotteet – tässä muutamia syitä sille, miksi voit ostaa ripsivärejä, luomivärejä, shampooita, hoitoaineita ja ihonhoitotuotteita mm. Lorealilta, Max Factorilta sekä Lumenelta jopa 65%:n alennuksella.\n\nHemmottele itseäsi tai rakkaitasi hävikkiä hyödyntäen!\n\nMatsmartin Beauty Sale on käynnissä rajoitetun ajan ja tuotteita vain rajoitettu erä – eli nopeat syövät hitaat!","isBanner":false},{"title":"Beauty Top8","isBanner":false,"productBlock":{"type":"tags","termId":"24916","isSimple":false}},{"title":"Uutena asiakkaana 10%:n lisäale koodilla NEWBEAUTY","subtitle":"Saat siis 10%* alennuksen koodilla: NEWBEAUTY. Lisää koodi kassalla kohdassa \"Lisää alennuskoodi\", koodi voimassa jopa 1.11. ","smallText":"*Koodi koskee uusia Matsmart asiakkaita kun tilauksen tuotteiden minimiostos on 45 e. Max 1 koodi per asiakas, voim jopa 1.11.","isBanner":true},{"title":"Ihonhoitotuotteet","isBanner":false,"productBlock":{"type":"categories","termId":"16206","isSimple":true}},{"title":"Silmämeikit","isBanner":false,"productBlock":{"type":"categories","termId":"24901","isSimple":true}},{"title":"Luonnollinen kahvikuorinta","showTitle":true,"body":"Klikkaa kuvaa ja tsekkaa vinkki käytettyjen kahvinporojen hyödyntämiseen...","isBanner":false},{"title":"Kuva kahviporot","showTitle":false,"isBanner":false,"imageBlock":[{"src":"//images.ctfassets.net/7k9ym4r9m5r2/38nnthFCkjoeH5bHoXX33A/80dc60288dc509cec6d2a5c95e68c4c6/us.jpg","link":"https://www.matsmart.fi/magazine/luonnollinen-kahvikuorinta","title":"kuva","body":"https://www.matsmart.fi/magazine/luonnollinen-kahvikuorinta"}]},{"title":"Kasvomeikit","isBanner":false,"productBlock":{"type":"categories","termId":"24906","isSimple":true}},{"title":"Hiukset","isBanner":false,"productBlock":{"type":"categories","termId":"14656","isSimple":true}},{"title":"kamppis materiaali","showTitle":false,"isBanner":false,"imageBlock":[{"src":"//images.ctfassets.net/7k9ym4r9m5r2/6cH9lPYA9TqfIU8025nuu0/641d9261cec7d0765fba5fa0ab297b56/lattiko.jpg","link":"https://www.matsmart.fi/nain-matsmart-toimii","title":"lattiko","body":"https://www.matsmart.fi/nain-matsmart-toimii"},{"src":"//images.ctfassets.net/7k9ym4r9m5r2/41Oa2ZAnvGrU9hakLfGmL2/e8e6a38d11aac9ab56d4a9e508a85ea3/450x450_Topp10_FI.jpg","link":"https://www.matsmart.fi/uusimmat","title":"450x450 Topp10 FI","body":"https://www.matsmart.fi/uusimmat"}]}],"bottomBlocks":false}],"categories":[{"category":"categories.14471","alias":"ruokakomero-0","title":"Ruokakomero","icon":"msi chef-hat","children":[{"id":14476,"label":"Pastat, Riisit & Nuudelit","self":"https://api.matsmart.se/api/v1.0/categories/14476","meta_description":null,"parent":[14471],"weight":0,"alias":"pastat-riisit-nuudelit"},{"id":14481,"label":"Säilykkeet & Ateria-ainekset","self":"https://api.matsmart.se/api/v1.0/categories/14481","meta_description":null,"parent":[14471],"weight":1,"alias":"sailykkeet-ateria-ainekset"},{"id":14486,"label":"Maustaminen","self":"https://api.matsmart.se/api/v1.0/categories/14486","meta_description":null,"parent":[14471],"weight":2,"alias":"maustaminen"},{"id":14491,"label":"Kastikkeet & Öljyt","self":"https://api.matsmart.se/api/v1.0/categories/14491","meta_description":null,"parent":[14471],"weight":3,"alias":"kastikkeet-oljyt-0"},{"id":14496,"label":"Kahvit & Teet","self":"https://api.matsmart.se/api/v1.0/categories/14496","meta_description":null,"parent":[14471],"weight":4,"alias":"kahvit-teet"},{"id":14506,"label":"Hiutaleet, Murot & Myslit","self":"https://api.matsmart.se/api/v1.0/categories/14506","meta_description":null,"parent":[14471],"weight":5,"alias":"hiutaleet-murot-myslit"},{"id":14521,"label":"Leivonta & Jälkiruoat","self":"https://api.matsmart.se/api/v1.0/categories/14521","meta_description":null,"parent":[14471],"weight":6,"alias":"leivonta-jalkiruoat"}]},{"category":"categories.14551","alias":"liikunta-painonhallinta","title":"Liikunta & Painonhallinta","icon":"msi weight","children":[{"id":14556,"label":"Ateriankorvikkeet","self":"https://api.matsmart.se/api/v1.0/categories/14556","meta_description":null,"parent":[14551],"weight":0,"alias":"ateriankorvikkeet"},{"id":14561,"label":"Proteiinituotteet","self":"https://api.matsmart.se/api/v1.0/categories/14561","meta_description":null,"parent":[14551],"weight":1,"alias":"proteiinituotteet"},{"id":15946,"label":"Välipalat & Energiapatukat","self":"https://api.matsmart.se/api/v1.0/categories/15946","meta_description":null,"parent":[14551],"weight":2,"alias":"valipalat-energiapatukat"},{"id":14566,"label":"Ravintolisät & Vitamiinit","self":"https://api.matsmart.se/api/v1.0/categories/14566","meta_description":null,"parent":[14551],"weight":3,"alias":"ravintolisat-vitamiinit"}]},{"category":"categories.14571","alias":"naposteltavat-makeiset","title":"Naposteltavat & Makeiset","icon":"msi candy","children":[{"id":14576,"label":"Sipsit & Naposteltavat","self":"https://api.matsmart.se/api/v1.0/categories/14576","meta_description":null,"parent":[14571],"weight":0,"alias":"sipsit-naposteltavat"},{"id":14581,"label":"Pähkinät & Luonnonmakeiset","self":"https://api.matsmart.se/api/v1.0/categories/14581","meta_description":null,"parent":[14571],"weight":1,"alias":"pahkinat-luonnonmakeiset"},{"id":14586,"label":"Makeiset","self":"https://api.matsmart.se/api/v1.0/categories/14586","meta_description":null,"parent":[14571],"weight":2,"alias":"makeiset"},{"id":16631,"label":"Suklaat","self":"https://api.matsmart.se/api/v1.0/categories/16631","meta_description":null,"parent":[14571],"weight":3,"alias":"suklaat"}]},{"category":"categories.14601","alias":"juomat-0","title":"Juomat","icon":"msi drink","children":[{"id":22101,"label":"Virvoitusjuomat","self":"https://api.matsmart.se/api/v1.0/categories/22101","meta_description":null,"parent":[14601],"weight":0,"alias":"virvoitusjuomat"},{"id":22096,"label":"Mehut & Smoothiet","self":"https://api.matsmart.se/api/v1.0/categories/22096","meta_description":null,"parent":[14601],"weight":1,"alias":"mehut-smoothiet"},{"id":22111,"label":"Urheilu- & Hyvinvointijuomat","self":"https://api.matsmart.se/api/v1.0/categories/22111","meta_description":null,"parent":[14601],"weight":2,"alias":"urheilu-hyvinvointijuomat"},{"id":22106,"label":"Muut","self":"https://api.matsmart.se/api/v1.0/categories/22106","meta_description":null,"parent":[14601],"weight":3,"alias":"muut"}]},{"category":"categories.14526","alias":"leivat-kakut-keksit-0","title":"Leivät, kakut & keksit","icon":"msi cookie","children":[{"id":14541,"label":"Leivät & Näkkileivät","self":"https://api.matsmart.se/api/v1.0/categories/14541","meta_description":null,"parent":[14526],"weight":0,"alias":"leivat-nakkileivat"},{"id":14546,"label":"Kahvileivät & keksit","self":"https://api.matsmart.se/api/v1.0/categories/14546","meta_description":null,"parent":[14526],"weight":1,"alias":"kahvileivat-keksit"}]},{"category":"categories.14631","alias":"lapset-0","title":"Lapset","icon":"msi pacifier","children":[{"id":25081,"label":"Lastenruoka","self":"https://api.matsmart.se/api/v1.0/categories/25081","meta_description":null,"parent":[14631],"weight":0,"alias":"lastenruoka-1"},{"id":25071,"label":"Tarvikkeet","self":"https://api.matsmart.se/api/v1.0/categories/25071","meta_description":null,"parent":[14631],"weight":1,"alias":"tarvikkeet"}]},{"category":"categories.14641","alias":"lemmikkielaimet-0","title":"Lemmikkieläimet","icon":"msi animal"},{"category":"categories.14646","alias":"hygienia-apteekki","title":"Hygienia & Apteekki","icon":"msi soap","children":[{"id":14651,"label":"Ihonhoito","self":"https://api.matsmart.se/api/v1.0/categories/14651","meta_description":null,"parent":[14646],"weight":0,"alias":"ihonhoito"},{"id":14656,"label":"Hiukset","self":"https://api.matsmart.se/api/v1.0/categories/14656","meta_description":null,"parent":[14646],"weight":1,"alias":"hiukset"},{"id":14661,"label":"Suunhoito","self":"https://api.matsmart.se/api/v1.0/categories/14661","meta_description":null,"parent":[14646],"weight":2,"alias":"suunhoito"},{"id":14666,"label":"Apteekki & Intiimituotteet","self":"https://api.matsmart.se/api/v1.0/categories/14666","meta_description":null,"parent":[14646],"weight":3,"alias":"apteekki-intiimituotteet"},{"id":23501,"label":"Kosmetiikka","self":"https://api.matsmart.se/api/v1.0/categories/23501","meta_description":null,"parent":[14646],"weight":4,"alias":"kosmetiikka"}]},{"category":"categories.14671","alias":"koti-siivous","title":"Koti","icon":"msi wash","children":[{"id":25056,"label":"Keittiö","self":"https://api.matsmart.se/api/v1.0/categories/25056","meta_description":null,"parent":[14671],"weight":0,"alias":"keittio"},{"id":25051,"label":"Siivous","self":"https://api.matsmart.se/api/v1.0/categories/25051","meta_description":null,"parent":[14671],"weight":1,"alias":"siivous"},{"id":25061,"label":"Käyttötavarat","self":"https://api.matsmart.se/api/v1.0/categories/25061","meta_description":null,"parent":[14671],"weight":2,"alias":"kayttotavarat"}]},{"category":"tags.10941","alias":"luomu","title":"Luomu","icon":"msi eco"},{"category":"tags.10951","alias":"gluteenittomat","title":"Gluteenittomat","icon":"msi glutenfree"},{"category":"categories.14531","alias":"suurpakkaukset-0","title":"Suurpakkaukset","icon":"msi box"}],"aboutUs":[{"title":"Näin Matsmart toimii","url":"https://www.matsmart.fi/nain-matsmart-toimii","alias":"nain-matsmart-toimii"},{"title":"Varmat ja luotettavat toimitukset","url":"https://www.matsmart.fi/magazine/varmat-ja-luotettavat-toimitukset-covid-19-13-3-2020","alias":"magazine/varmat-ja-luotettavat-toimitukset-covid-19-13-3-2020"},{"title":"Auta vanhaa ystävää","url":"https://www.matsmart.fi/info/auta-vanhaa-ystaevaeae","alias":"info/auta-vanhaa-ystaevaeae"}]},"menuOpen":false},"productState":{"singleProductDisplay":{"357446":{"id":"357446","label":"Musta Tee 50kpl","self":"https://api.matsmart.se/api/v1.0/product-displays/357446","brand":"203","brand_name":"Lipton","categories":["14496"],"created":"1603875624","alias":"musta-tee-50kpl","exclude_from_list":false,"product_info":"Liptonin musta klassikkotee.","market":"FI","products":[{"id":"83616","label":"Lip Yellow Label Tea 50pcs","self":"https://api.matsmart.se/api/v1.0/products/83616","best_before":"1606690800","product_contents":[{"id":"372901","self":"https://cdn3.matsmart.se/sites/se/files/product_contents/lipton_yellow_label_innehall.jpg","filemime":"image/jpeg","filesize":"791380","width":"800","height":"800","styles":""}],"sku":"MS111811","gtin":"3228881004611","images":[{"id":"404011","self":"https://cdn4.matsmart.se/sites/se/files/products/liptontee.jpg","filemime":"image/jpeg","filesize":"244041","width":"800","height":"800","styles":{"product_full":"https://cdn4.matsmart.se/sites/se/files/styles/product_full/public/products/liptontee.jpg?itok=Fbcbn27M","product_full_2x":"https://cdn4.matsmart.se/sites/se/files/styles/product_full_2x/public/products/liptontee.jpg?itok=wKLNfxiG","product_teaser":"https://cdn4.matsmart.se/sites/se/files/styles/product_teaser/public/products/liptontee.jpg?itok=8Rr_RpuV","product_teaser_2x":"https://cdn4.matsmart.se/sites/se/files/styles/product_teaser_2x/public/products/liptontee.jpg?itok=uIiSe9EO","product_zoom":"https://cdn4.matsmart.se/sites/se/files/styles/product_zoom/public/products/liptontee.jpg?itok=hsyvBYNa"}}],"max_purchase":"","prices":{"comparison_price":"15,90 €/kg","price":{"amount":"159","currency_code":"EUR","data":{"components":[]}},"old_price":{"amount":"199","currency_code":"EUR","data":{"components":[]}},"price_table":{"amount":"150","currency_code":"EUR","min_qty":"2","max_qty":"-1","data":{"components":[]}}},"size":"100g","status":"1","stock":101,"vat_rate":"fi_intermediate","volume":{"length":"14.00000","width":"7.50000","height":"12.00000","unit":"cm"},"weight":{"weight":"182.00000","unit":"g"},"product_category":"21176","suppliers":[],"seasonal_themes":[]}],"published":"1603875624","status":"1","sticky":"0","tags":["24741","22896","10981"]},"brand":{"id":"203","label":"Lipton","self":"https://api.matsmart.se/api/v1.0/brands/203","meta_description":"","alias":"lipton"}},"categoryProductDisplays":{"14496":[{"id":337001,"label":"Kahvi Fika","self":"https://api.matsmart.se/api/v1.0/product-displays/337001","brand":"678","brand_name":"Löfbergs","categories":["14496"],"created":"1604645587","alias":"kahvi-fika","exclude_from_list":true,"product_info":"Löfbergin suodatinkahvi Fika. Vietä ruotsalaiseen tapaan fika ja nappaa ostoskoriisi täyteläinen suosikki. Kampanjatuote - hinta voimassa vain tänään 8.11. tai niin kauan kuin tuotteita riittää. Max 2 per asiakas.","market":"FI","products":[{"id":"76731","label":"Fika bryggkaffe","self":"https://api.matsmart.se/api/v1.0/products/76731","best_before":"1630360800","product_contents":[],"sku":"MS110453","gtin":"7310050001883","images":[{"id":"345701","self":"https://cdn2.matsmart.se/sites/se/files/products/lofbergs_fika.jpg","filemime":"image/jpeg","filesize":"377983","width":"800","height":"800","styles":{"product_full":"https://cdn2.matsmart.se/sites/se/files/styles/product_full/public/products/lofbergs_fika.jpg?itok=EkJBAMZA","product_full_2x":"https://cdn2.matsmart.se/sites/se/files/styles/product_full_2x/public/products/lofbergs_fika.jpg?itok=uSQ0a0GD","product_teaser":"https://cdn2.matsmart.se/sites/se/files/styles/product_teaser/public/products/lofbergs_fika.jpg?itok=Tq2N7VrD","product_teaser_2x":"https://cdn2.matsmart.se/sites/se/files/styles/product_teaser_2x/public/products/lofbergs_fika.jpg?itok=H8-_ZwAI","product_zoom":"https://cdn2.matsmart.se/sites/se/files/styles/product_zoom/public/products/lofbergs_fika.jpg?itok=nwl77Pfd"}}],"max_purchase":"2","prices":{"comparison_price":"6,64 €/kg","price":{"amount":"299","currency_code":"EUR","data":{"components":[]}},"old_price":{"amount":"389","currency_code":"EUR","data":{"components":[]}},"price_table":{"amount":"100","currency_code":"EUR","min_qty":"2","max_qty":"-1","data":{"components":[]}}},"size":"450 g","status":"1","stock":101,"vat_rate":"fi_intermediate","volume":{"length":"16.00000","width":"10.00000","height":"7.00000","unit":"cm"},"weight":{"weight":"469.00000","unit":"g"},"product_category":"21146","suppliers":[],"seasonal_themes":[]}],"published":"1604645588","status":"1","sticky":"1","tags":["10981"]},{"id":354801,"label":"Suodatinkahvi Colombia Brazil","self":"https://api.matsmart.se/api/v1.0/product-displays/354801","brand":"678","brand_name":"Löfbergs","categories":["14496"],"created":"1600251547","alias":"suodatinkahvi-colombia-brazil","exclude_from_list":false,"product_info":"Uuden sukupolven tummapaahtoinen kahvi. 100% Arabica.","market":"FI","products":[{"id":"82731","label":"Colombia Brazil Dark brygg 450g","self":"https://api.matsmart.se/api/v1.0/products/82731","best_before":"1620338400","product_contents":[{"id":"354051","self":"https://cdn3.matsmart.se/sites/se/files/product_contents/lofbergs.innehall.jpg","filemime":"image/jpeg","filesize":"453740","width":"800","height":"800","styles":""}],"sku":"MS111635","gtin":"7310050001401","images":[{"id":"354046","self":"https://cdn1.matsmart.se/sites/se/files/products/lofbergs_colombia.jpg","filemime":"image/jpeg","filesize":"424819","width":"800","height":"800","styles":{"product_full":"https://cdn1.matsmart.se/sites/se/files/styles/product_full/public/products/lofbergs_colombia.jpg?itok=ubXT9qll","product_full_2x":"https://cdn1.matsmart.se/sites/se/files/styles/product_full_2x/public/products/lofbergs_colombia.jpg?itok=kne6aLFe","product_teaser":"https://cdn1.matsmart.se/sites/se/files/styles/product_teaser/public/products/lofbergs_colombia.jpg?itok=l6HBEyun","product_teaser_2x":"https://cdn1.matsmart.se/sites/se/files/styles/product_teaser_2x/public/products/lofbergs_colombia.jpg?itok=_dYEio3a","product_zoom":"https://cdn1.matsmart.se/sites/se/files/styles/product_zoom/public/products/lofbergs_colombia.jpg?itok=cQ41PCdH"}}],"max_purchase":"","prices":{"comparison_price":"8,87 €/kg","price":{"amount":"399","currency_code":"EUR","data":{"components":[]}},"old_price":{"amount":"499","currency_code":"EUR","data":{"components":[]}}},"size":"450g","status":"1","stock":101,"vat_rate":"fi_intermediate","volume":{"length":"9.50000","width":"6.50000","height":"16.00000","unit":"cm"},"weight":{"weight":"466.00000","unit":"g"},"product_category":"21146","suppliers":[],"seasonal_themes":[]}],"published":"1586242286","status":"1","sticky":"1","tags":["22696","22896","16336","23431","24741","24461"]},{"id":428541,"label":"Nordqvist Teejoulukalenteri","self":"https://api.matsmart.se/api/v1.0/product-displays/428541","brand":"21701","brand_name":"Nordqvist","categories":["14496"],"created":"1604580887","alias":"nordqvist-teejoulukalenteri","exclude_from_list":false,"product_info":"\u003cem>Teejoulukalenteri\u003c/em>, jossa numeroitujen luukkujen takaa paljastuu 24 erimakuista mustaa-, valkoista- ja vihreää teetä sekä rooibosta pyramidipussissa.","market":"FI","products":[{"id":"107776","label":"Nor Tee joulukalenteri 39g","self":"https://api.matsmart.se/api/v1.0/products/107776","best_before":"1661896800","product_contents":[{"id":"405871","self":"https://cdn4.matsmart.se/sites/se/files/product_contents/nordqvist_cchristmas_tea_calendar_innehall_1.jpg","filemime":"image/jpeg","filesize":"611157","width":"800","height":"800","styles":""},{"id":"405876","self":"https://cdn3.matsmart.se/sites/se/files/product_contents/nordqvist_cchristmas_tea_calendar_innehall_2.jpg","filemime":"image/jpeg","filesize":"684828","width":"800","height":"800","styles":""}],"sku":"MS116517","gtin":"6413446014601","images":[{"id":"407261","self":"https://cdn2.matsmart.se/sites/se/files/products/teejoulukalenteri.jpg","filemime":"image/jpeg","filesize":"543334","width":"800","height":"800","styles":{"product_full":"https://cdn2.matsmart.se/sites/se/files/styles/product_full/public/products/teejoulukalenteri.jpg?itok=cVZdAiVk","product_full_2x":"https://cdn2.matsmart.se/sites/se/files/styles/product_full_2x/public/products/teejoulukalenteri.jpg?itok=gIe_vCNa","product_teaser":"https://cdn2.matsmart.se/sites/se/files/styles/product_teaser/public/products/teejoulukalenteri.jpg?itok=YslUCaP6","product_teaser_2x":"https://cdn2.matsmart.se/sites/se/files/styles/product_teaser_2x/public/products/teejoulukalenteri.jpg?itok=1opyEsrn","product_zoom":"https://cdn2.matsmart.se/sites/se/files/styles/product_zoom/public/products/teejoulukalenteri.jpg?itok=vSpHp_YY"}}],"max_purchase":"","prices":{"comparison_price":"153,59 €/kg","price":{"amount":"599","currency_code":"EUR","data":{"components":[]}},"old_price":{"amount":"790","currency_code":"EUR","data":{"components":[]}}},"size":"39g","status":"1","stock":31,"vat_rate":"fi_intermediate","volume":{"length":"34.00000","width":"23.00000","height":"5.00000","unit":"cm"},"weight":{"weight":"286.00000","unit":"g"},"product_category":"21176","suppliers":[],"seasonal_themes":[]}],"published":"1604580888","status":"1","sticky":"0","tags":["24741","10981"]},{"id":361361,"label":"Maitokapselit Crema Latte 16kpl","self":"https://api.matsmart.se/api/v1.0/product-displays/361361","brand":"14456","brand_name":"Paulig","categories":["14496"],"created":"1604564727","alias":"maitokapselit-crema-latte-16kpl","exclude_from_list":false,"product_info":"Maustamaton maitokapseli, josta syntyy pehmeä ja samettinen maito eri kahvijuomiin, esimerkiksi cappuccinon ja caffé latten valmistukseen. Pakkaus sisältää 16 kapselia.","market":"FI","products":[{"id":"84936","label":"Pau Cupsolo Crema Latte 16pcs","self":"https://api.matsmart.se/api/v1.0/products/84936","best_before":"1605222000","product_contents":[{"id":"358521","self":"https://cdn4.matsmart.se/sites/se/files/product_contents/paulig_cupsolo_crema_latte_naringsvarde.jpg","filemime":"image/jpeg","filesize":"797942","width":"800","height":"800","styles":""}],"sku":"MS112070","gtin":"6411300627516","images":[{"id":"358516","self":"https://cdn1.matsmart.se/sites/se/files/products/paulig_cupsolo_crema_latte_front.jpg","filemime":"image/jpeg","filesize":"262684","width":"800","height":"800","styles":{"product_full":"https://cdn1.matsmart.se/sites/se/files/styles/product_full/public/products/paulig_cupsolo_crema_latte_front.jpg?itok=UQDC4MR6","product_full_2x":"https://cdn1.matsmart.se/sites/se/files/styles/product_full_2x/public/products/paulig_cupsolo_crema_latte_front.jpg?itok=SHbGOXkO","product_teaser":"https://cdn1.matsmart.se/sites/se/files/styles/product_teaser/public/products/paulig_cupsolo_crema_latte_front.jpg?itok=l3Xlbta4","product_teaser_2x":"https://cdn1.matsmart.se/sites/se/files/styles/product_teaser_2x/public/products/paulig_cupsolo_crema_latte_front.jpg?itok=APHoB8IX","product_zoom":"https://cdn1.matsmart.se/sites/se/files/styles/product_zoom/public/products/paulig_cupsolo_crema_latte_front.jpg?itok=xppowwMm"}}],"max_purchase":"","prices":{"comparison_price":"11,74 €/kg","price":{"amount":"169","currency_code":"EUR","data":{"components":[]}},"old_price":{"amount":"499","currency_code":"EUR","data":{"components":[]}},"price_table":{"amount":"150","currency_code":"EUR","min_qty":"2","max_qty":"-1","data":{"components":[]}}},"size":"16 x 9g","status":"1","stock":101,"vat_rate":"fi_intermediate","volume":{"length":"16.50000","width":"10.00000","height":"6.00000","unit":"cm"},"weight":{"weight":"187.00000","unit":"g"},"product_category":"21161","suppliers":[],"seasonal_themes":[]}],"published":"1604564727","status":"1","sticky":"0","tags":["22896","24741","25091","24476"]},{"id":172456,"label":"Yrttitee Detox","self":"https://api.matsmart.se/api/v1.0/product-displays/172456","brand":"203","brand_name":"Lipton","categories":["14496"],"created":"1604417244","alias":"yrttitee-detox","exclude_from_list":false,"product_info":"Liptonin detox yrttitee sisältää nokkosta, mesiangervoa, rosmariinia ja greippiaromia.","market":"FI","products":[{"id":"56211","label":"Lipton Örtte Detox 20-p","self":"https://api.matsmart.se/api/v1.0/products/56211","best_before":"1632952800","product_contents":[{"id":"236651","self":"https://cdn4.matsmart.se/sites/se/files/product_contents/lipton_do_the_detox_innehall.jpg","filemime":"image/jpeg","filesize":"410190","width":"800","height":"800","styles":""}],"sku":"MS106545","gtin":"8714100759714","images":[{"id":"236646","self":"https://cdn2.matsmart.se/sites/se/files/products/lipton_do_the_detox.jpg","filemime":"image/jpeg","filesize":"520638","width":"800","height":"800","styles":{"product_full":"https://cdn2.matsmart.se/sites/se/files/styles/product_full/public/products/lipton_do_the_detox.jpg?itok=UtB2O7C-","product_full_2x":"https://cdn2.matsmart.se/sites/se/files/styles/product_full_2x/public/products/lipton_do_the_detox.jpg?itok=g8Htk_Zk","product_teaser":"https://cdn2.matsmart.se/sites/se/files/styles/product_teaser/public/products/lipton_do_the_detox.jpg?itok=euYcm8gd","product_teaser_2x":"https://cdn2.matsmart.se/sites/se/files/styles/product_teaser_2x/public/products/lipton_do_the_detox.jpg?itok=gYoocIZX","product_zoom":"https://cdn2.matsmart.se/sites/se/files/styles/product_zoom/public/products/lipton_do_the_detox.jpg?itok=iTde0W-H"}}],"max_purchase":"","prices":{"comparison_price":"56,33 €/kg","price":{"amount":"169","currency_code":"EUR","data":{"components":[]}},"old_price":{"amount":"200","currency_code":"EUR","data":{"components":[]}},"price_table":{"amount":"150","currency_code":"EUR","min_qty":"2","max_qty":"-1","data":{"components":[]}}},"size":"30g","status":"1","stock":101,"vat_rate":"fi_intermediate","volume":{"length":"10.00000","width":"10.00000","height":"6.00000","unit":"cm"},"weight":{"weight":"50.00000","unit":"g"},"product_category":"21176","suppliers":[],"seasonal_themes":[]}],"published":"1604417244","status":"1","sticky":"0","tags":["21856","22896","24741"]},{"id":425276,"label":"Pikakahvi Oat Latte","self":"https://api.matsmart.se/api/v1.0/product-displays/425276","brand":"23866","brand_name":"Nescafé.","categories":["14496"],"created":"1603884206","alias":"pikakahvi-oat-latte","exclude_from_list":false,"product_info":"Herkullinen kasvipohjainen lattekahvimme on valmistettu laadukkaasta kahvisekoituksesta, joka sisältää Robusta- ja Arabica-kahvipapuja sekä kauramaitoa. Pehmeä ja kermainen maku takaavat sinulle laadukkaan kahvinautinnon mihin tahansa päiväsi sinut viekään","market":"FI","products":[{"id":"106571","label":"Nes Pikakahvi Oat Latte 96g","self":"https://api.matsmart.se/api/v1.0/products/106571","best_before":"1606690800","product_contents":[{"id":"398176","self":"https://cdn1.matsmart.se/sites/se/files/product_contents/nes_pikakahvi_oat_latte_96ginnehall.jpg","filemime":"image/jpeg","filesize":"265329","width":"392","height":"800","styles":""}],"sku":"MS116311","gtin":"7613038365756","images":[{"id":"398171","self":"https://cdn3.matsmart.se/sites/se/files/products/nes_pikakahvi_oat_latte_96g.jpg","filemime":"image/jpeg","filesize":"505017","width":"800","height":"800","styles":{"product_full":"https://cdn3.matsmart.se/sites/se/files/styles/product_full/public/products/nes_pikakahvi_oat_latte_96g.jpg?itok=-U7ytShZ","product_full_2x":"https://cdn3.matsmart.se/sites/se/files/styles/product_full_2x/public/products/nes_pikakahvi_oat_latte_96g.jpg?itok=jqleL8JY","product_teaser":"https://cdn3.matsmart.se/sites/se/files/styles/product_teaser/public/products/nes_pikakahvi_oat_latte_96g.jpg?itok=O2sa-P9a","product_teaser_2x":"https://cdn3.matsmart.se/sites/se/files/styles/product_teaser_2x/public/products/nes_pikakahvi_oat_latte_96g.jpg?itok=XY68o6DX","product_zoom":"https://cdn3.matsmart.se/sites/se/files/styles/product_zoom/public/products/nes_pikakahvi_oat_latte_96g.jpg?itok=sjeSCAxI"}}],"max_purchase":"","prices":{"comparison_price":"22,81 €/kg","price":{"amount":"219","currency_code":"EUR","data":{"components":[]}},"old_price":{"amount":"309","currency_code":"EUR","data":{"components":[]}},"price_table":{"amount":"200","currency_code":"EUR","min_qty":"2","max_qty":"-1","data":{"components":[]}}},"size":"6 x 16 g","status":"1","stock":101,"vat_rate":"fi_intermediate","volume":{"length":"19.20000","width":"9.20000","height":"5.00000","unit":"cm"},"weight":{"weight":"123.00000","unit":"g"},"product_category":"21156","suppliers":[],"seasonal_themes":[]}],"published":"1601983644","status":"1","sticky":"0","tags":["15141","22896","24741"]},{"id":357446,"label":"Musta Tee 50kpl","self":"https://api.matsmart.se/api/v1.0/product-displays/357446","brand":"203","brand_name":"Lipton","categories":["14496"],"created":"1603875624","alias":"musta-tee-50kpl","exclude_from_list":false,"product_info":"Liptonin musta klassikkotee.","market":"FI","products":[{"id":"83616","label":"Lip Yellow Label Tea 50pcs","self":"https://api.matsmart.se/api/v1.0/products/83616","best_before":"1606690800","product_contents":[{"id":"372901","self":"https://cdn3.matsmart.se/sites/se/files/product_contents/lipton_yellow_label_innehall.jpg","filemime":"image/jpeg","filesize":"791380","width":"800","height":"800","styles":""}],"sku":"MS111811","gtin":"3228881004611","images":[{"id":"404011","self":"https://cdn4.matsmart.se/sites/se/files/products/liptontee.jpg","filemime":"image/jpeg","filesize":"244041","width":"800","height":"800","styles":{"product_full":"https://cdn4.matsmart.se/sites/se/files/styles/product_full/public/products/liptontee.jpg?itok=Fbcbn27M","product_full_2x":"https://cdn4.matsmart.se/sites/se/files/styles/product_full_2x/public/products/liptontee.jpg?itok=wKLNfxiG","product_teaser":"https://cdn4.matsmart.se/sites/se/files/styles/product_teaser/public/products/liptontee.jpg?itok=8Rr_RpuV","product_teaser_2x":"https://cdn4.matsmart.se/sites/se/files/styles/product_teaser_2x/public/products/liptontee.jpg?itok=uIiSe9EO","product_zoom":"https://cdn4.matsmart.se/sites/se/files/styles/product_zoom/public/products/liptontee.jpg?itok=hsyvBYNa"}}],"max_purchase":"","prices":{"comparison_price":"15,90 €/kg","price":{"amount":"159","currency_code":"EUR","data":{"components":[]}},"old_price":{"amount":"199","currency_code":"EUR","data":{"components":[]}},"price_table":{"amount":"150","currency_code":"EUR","min_qty":"2","max_qty":"-1","data":{"components":[]}}},"size":"100g","status":"1","stock":101,"vat_rate":"fi_intermediate","volume":{"length":"14.00000","width":"7.50000","height":"12.00000","unit":"cm"},"weight":{"weight":"182.00000","unit":"g"},"product_category":"21176","suppliers":[],"seasonal_themes":[]}],"published":"1603875624","status":"1","sticky":"0","tags":["24741","22896","10981"]},{"id":425261,"label":"Pikakahvi Almond Latte","self":"https://api.matsmart.se/api/v1.0/product-displays/425261","brand":"23866","brand_name":"Nescafé.","categories":["14496"],"created":"1603711535","alias":"pikakahvi-almond-latte","exclude_from_list":false,"product_info":"Herkullinen kasvipohjainen lattekahvimme on valmistettu laadukkaasta kahvisekoituksesta, joka sisältää Robusta- ja Arabica-kahvipapuja sekä mantelimaitoa. Pehmeä ja kermainen maku takaavat sinulle laadukkaan kahvinautinnon mihin tahansa päiväsi sinut viekään.","market":"FI","products":[{"id":"106566","label":"Nes Pikakahvi Almond Latte 96g","self":"https://api.matsmart.se/api/v1.0/products/106566","best_before":"1609282800","product_contents":[{"id":"398146","self":"https://cdn3.matsmart.se/sites/se/files/product_contents/nes_pikakahvi_almond_latte_96ginnehall.jpg","filemime":"image/jpeg","filesize":"328271","width":"567","height":"800","styles":""},{"id":"398151","self":"https://cdn1.matsmart.se/sites/se/files/product_contents/nes_pikakahvi_almond_latte_96ginnehall2.jpg","filemime":"image/jpeg","filesize":"329766","width":"567","height":"800","styles":""}],"sku":"MS116310","gtin":"7613038365527","images":[{"id":"398141","self":"https://cdn2.matsmart.se/sites/se/files/products/nes_pikakahvi_almond_latte_96g.jpg","filemime":"image/jpeg","filesize":"499277","width":"800","height":"800","styles":{"product_full":"https://cdn2.matsmart.se/sites/se/files/styles/product_full/public/products/nes_pikakahvi_almond_latte_96g.jpg?itok=EMs1EnNW","product_full_2x":"https://cdn2.matsmart.se/sites/se/files/styles/product_full_2x/public/products/nes_pikakahvi_almond_latte_96g.jpg?itok=p0RK9zsa","product_teaser":"https://cdn2.matsmart.se/sites/se/files/styles/product_teaser/public/products/nes_pikakahvi_almond_latte_96g.jpg?itok=9ZpIzYi_","product_teaser_2x":"https://cdn2.matsmart.se/sites/se/files/styles/product_teaser_2x/public/products/nes_pikakahvi_almond_latte_96g.jpg?itok=znU4ZpSr","product_zoom":"https://cdn2.matsmart.se/sites/se/files/styles/product_zoom/public/products/nes_pikakahvi_almond_latte_96g.jpg?itok=e4kv0h_y"}}],"max_purchase":"","prices":{"comparison_price":"22,81 €/kg","price":{"amount":"219","currency_code":"EUR","data":{"components":[]}},"old_price":{"amount":"309","currency_code":"EUR","data":{"components":[]}},"price_table":{"amount":"200","currency_code":"EUR","min_qty":"2","max_qty":"-1","data":{"components":[]}}},"size":"6 x 16 g","status":"1","stock":101,"vat_rate":"fi_intermediate","volume":{"length":"19.00000","width":"9.00000","height":"5.00000","unit":"cm"},"weight":{"weight":"127.00000","unit":"g"},"product_category":"21156","suppliers":[],"seasonal_themes":[]}],"published":"1601983536","status":"1","sticky":"0","tags":["15141","22896","24461","24741"]},{"id":202086,"label":"Kahvipavut Forza","self":"https://api.matsmart.se/api/v1.0/product-displays/202086","brand":"434","brand_name":"Zoegas","categories":["14496"],"created":"1601982717","alias":"kahvipavut-forza","exclude_from_list":false,"product_info":"Zoegas Forta - kokonaiset kahvipavut suodatinkahviin. ","market":"FI","products":[{"id":"66431","label":"ZOEGAS FORZA 450g","self":"https://api.matsmart.se/api/v1.0/products/66431","best_before":"1609282800","product_contents":[{"id":"353321","self":"https://cdn1.matsmart.se/sites/se/files/product_contents/zoega_forza_innehall_1.jpg","filemime":"image/jpeg","filesize":"223785","width":"800","height":"800","styles":""}],"sku":"MS108488","gtin":"7310731101819","images":[{"id":"288946","self":"https://cdn4.matsmart.se/sites/se/files/products/kaffe_forza_0.jpg","filemime":"image/jpeg","filesize":"128475","width":"800","height":"800","styles":{"product_full":"https://cdn4.matsmart.se/sites/se/files/styles/product_full/public/products/kaffe_forza_0.jpg?itok=GgcNzkiZ","product_full_2x":"https://cdn4.matsmart.se/sites/se/files/styles/product_full_2x/public/products/kaffe_forza_0.jpg?itok=u4S79Oyz","product_teaser":"https://cdn4.matsmart.se/sites/se/files/styles/product_teaser/public/products/kaffe_forza_0.jpg?itok=c16qpLaH","product_teaser_2x":"https://cdn4.matsmart.se/sites/se/files/styles/product_teaser_2x/public/products/kaffe_forza_0.jpg?itok=kip-k8dJ","product_zoom":"https://cdn4.matsmart.se/sites/se/files/styles/product_zoom/public/products/kaffe_forza_0.jpg?itok=xDBrqrJi"}}],"max_purchase":"","prices":{"comparison_price":"11,09 €/kg","price":{"amount":"499","currency_code":"EUR","data":{"components":[]}},"old_price":{"amount":"679","currency_code":"EUR","data":{"components":[]}}},"size":"450 g","status":"1","stock":101,"vat_rate":"fi_intermediate","volume":{"length":"23.00000","width":"15.00000","height":"8.00000","unit":"cm"},"weight":{"weight":"469.00000","unit":"g"},"product_category":"21146","suppliers":[],"seasonal_themes":[]}],"published":"1601982717","status":"1","sticky":"0","tags":["22696","22896","16336","24741"]},{"id":176846,"label":"Kahvipavut Skånerost","self":"https://api.matsmart.se/api/v1.0/product-displays/176846","brand":"434","brand_name":"Zoegas","categories":["14496"],"created":"1601982494","alias":"kahvipavut-skanerost","exclude_from_list":false,"product_info":"Zoegas Skånerost tummapaahtoiset kahvipavut.","market":"FI","products":[{"id":"57731","label":"Zoégas Skånerost Hela Bönor 450g","self":"https://api.matsmart.se/api/v1.0/products/57731","best_before":"1609282800","product_contents":[{"id":"240566","self":"https://cdn2.matsmart.se/sites/se/files/product_contents/zoegas_skanerost_innehall.jpg","filemime":"image/jpeg","filesize":"440407","width":"800","height":"800","styles":""}],"sku":"MS106831","gtin":"7310731101765","images":[{"id":"240561","self":"https://cdn4.matsmart.se/sites/se/files/products/zoegas_skanerost_0.jpg","filemime":"image/jpeg","filesize":"236988","width":"800","height":"800","styles":{"product_full":"https://cdn4.matsmart.se/sites/se/files/styles/product_full/public/products/zoegas_skanerost_0.jpg?itok=D81K54zI","product_full_2x":"https://cdn4.matsmart.se/sites/se/files/styles/product_full_2x/public/products/zoegas_skanerost_0.jpg?itok=JHhTXeYL","product_teaser":"https://cdn4.matsmart.se/sites/se/files/styles/product_teaser/public/products/zoegas_skanerost_0.jpg?itok=2HKd3sVH","product_teaser_2x":"https://cdn4.matsmart.se/sites/se/files/styles/product_teaser_2x/public/products/zoegas_skanerost_0.jpg?itok=Xlke7ls-","product_zoom":"https://cdn4.matsmart.se/sites/se/files/styles/product_zoom/public/products/zoegas_skanerost_0.jpg?itok=6zynmzKv"}}],"max_purchase":"","prices":{"comparison_price":"9,98 €/kg","price":{"amount":"449","currency_code":"EUR","data":{"components":[]}},"old_price":{"amount":"609","currency_code":"EUR","data":{"components":[]}}},"size":"450 g","status":"1","stock":101,"vat_rate":"fi_standard","volume":{"length":"24.00000","width":"14.00000","height":"8.00000","unit":"cm"},"weight":{"weight":"473.00000","unit":"g"},"product_category":"21151","suppliers":[],"seasonal_themes":[]}],"published":"1601982494","status":"1","sticky":"0","tags":["24741"]},{"id":176831,"label":"Kahvipavut Mezzo","self":"https://api.matsmart.se/api/v1.0/product-displays/176831","brand":"434","brand_name":"Zoegas","categories":["14496"],"created":"1601982347","alias":"kahvipavut-mezzo","exclude_from_list":false,"product_info":"Keskipaahdettuja Mezzo-kahvipapuja, joissa pehmeä nougaan vivahde. Sopii niille, jotka haluavat hemmotella itseään kupilla laadukasta kahvia!","market":"FI","products":[{"id":"57726","label":"Zoégas Mezzo Hela Bönor 450g","self":"https://api.matsmart.se/api/v1.0/products/57726","best_before":"1609282800","product_contents":[{"id":"240291","self":"https://cdn1.matsmart.se/sites/se/files/product_contents/zoegas_mezzo_innehall.jpg","filemime":"image/jpeg","filesize":"302994","width":"800","height":"800","styles":""}],"sku":"MS106830","gtin":"7310731101772","images":[{"id":"240286","self":"https://cdn4.matsmart.se/sites/se/files/products/zoegas_mezzo.jpg","filemime":"image/jpeg","filesize":"206327","width":"800","height":"800","styles":{"product_full":"https://cdn4.matsmart.se/sites/se/files/styles/product_full/public/products/zoegas_mezzo.jpg?itok=YZow4BLC","product_full_2x":"https://cdn4.matsmart.se/sites/se/files/styles/product_full_2x/public/products/zoegas_mezzo.jpg?itok=Yb7B5xqE","product_teaser":"https://cdn4.matsmart.se/sites/se/files/styles/product_teaser/public/products/zoegas_mezzo.jpg?itok=PDVR3PTP","product_teaser_2x":"https://cdn4.matsmart.se/sites/se/files/styles/product_teaser_2x/public/products/zoegas_mezzo.jpg?itok=Odlaj_dq","product_zoom":"https://cdn4.matsmart.se/sites/se/files/styles/product_zoom/public/products/zoegas_mezzo.jpg?itok=YIt64Ma0"}}],"max_purchase":"","prices":{"comparison_price":"11,09 €/kg","price":{"amount":"499","currency_code":"EUR","data":{"components":[]}},"old_price":{"amount":"659","currency_code":"EUR","data":{"components":[]}}},"size":"450g","status":"1","stock":101,"vat_rate":"fi_intermediate","volume":{"length":"14.00000","width":"8.00000","height":"21.00000","unit":"cm"},"weight":{"weight":"460.00000","unit":"g"},"product_category":"21151","suppliers":[],"seasonal_themes":[]}],"published":"1601982347","status":"1","sticky":"0","tags":["24741"]},{"id":189031,"label":"Suodatinkahvi Kasenga","self":"https://api.matsmart.se/api/v1.0/product-displays/189031","brand":"16326","brand_name":"Rutasoka","categories":["14496"],"created":"1599223825","alias":"suodatinkahvi-kasenga","exclude_from_list":false,"product_info":"Luomu Rutasoka on tummapaahtoinen luomu suodatinkahvi. ","market":"FI","products":[{"id":"61911","label":"KASENGA Mörkrostat bryggmalet 425g Eko","self":"https://api.matsmart.se/api/v1.0/products/61911","best_before":"1630015200","product_contents":[{"id":"338726","self":"https://cdn3.matsmart.se/sites/se/files/product_contents/rutasoka_kasenga_innehall_ny.jpg","filemime":"image/jpeg","filesize":"199006","width":"800","height":"800","styles":""}],"sku":"MS107641","gtin":"7350102570158","images":[{"id":"404971","self":"https://cdn1.matsmart.se/sites/se/files/products/rutasoka_kasenga_bryggmalet_ny.jpg","filemime":"image/jpeg","filesize":"388509","width":"800","height":"800","styles":{"product_full":"https://cdn1.matsmart.se/sites/se/files/styles/product_full/public/products/rutasoka_kasenga_bryggmalet_ny.jpg?itok=RvY0XKQK","product_full_2x":"https://cdn1.matsmart.se/sites/se/files/styles/product_full_2x/public/products/rutasoka_kasenga_bryggmalet_ny.jpg?itok=MSj8inHZ","product_teaser":"https://cdn1.matsmart.se/sites/se/files/styles/product_teaser/public/products/rutasoka_kasenga_bryggmalet_ny.jpg?itok=l-s-bChQ","product_teaser_2x":"https://cdn1.matsmart.se/sites/se/files/styles/product_teaser_2x/public/products/rutasoka_kasenga_bryggmalet_ny.jpg?itok=OYcEALcA","product_zoom":"https://cdn1.matsmart.se/sites/se/files/styles/product_zoom/public/products/rutasoka_kasenga_bryggmalet_ny.jpg?itok=ZZFlI5s-"}}],"max_purchase":"","prices":{"comparison_price":"16,45 €/kg","price":{"amount":"799","currency_code":"EUR","data":{"components":[]}},"old_price":{"amount":"1090","currency_code":"EUR","data":{"components":[]}}},"size":"450g","status":"1","stock":101,"vat_rate":"fi_intermediate","volume":{"length":"28.00000","width":"11.00000","height":"8.00000","unit":"cm"},"weight":{"weight":"468.00000","unit":"g"},"product_category":"21146","suppliers":[],"seasonal_themes":[]}],"published":"1599223825","status":"1","sticky":"0","tags":["10941"]},{"id":405211,"label":"Lipton Jääteejuomajauhe Persikka","self":"https://api.matsmart.se/api/v1.0/product-displays/405211","brand":"203","brand_name":"Lipton","categories":["14496"],"created":"1598181179","alias":"lipton-jaateejuomajauhe-persikka","exclude_from_list":false,"product_info":"Persikanmakuinen jääteejuomajauhe.","market":"FI","products":[{"id":"99636","label":"Lip Lipton Ice Tea Peach 50g","self":"https://api.matsmart.se/api/v1.0/products/99636","best_before":"1622412000","product_contents":[{"id":"402251","self":"https://cdn1.matsmart.se/sites/se/files/product_contents/lipton_iste_peach_innehall.jpg","filemime":"image/jpeg","filesize":"844174","width":"800","height":"800","styles":""}],"sku":"MS114989","gtin":"8711200454471","images":[{"id":"402236","self":"https://cdn4.matsmart.se/sites/se/files/products/lip_lipton_ice_tea_peach_x18_50g_.jpg","filemime":"image/jpeg","filesize":"558854","width":"800","height":"800","styles":{"product_full":"https://cdn4.matsmart.se/sites/se/files/styles/product_full/public/products/lip_lipton_ice_tea_peach_x18_50g_.jpg?itok=0PQU3If7","product_full_2x":"https://cdn4.matsmart.se/sites/se/files/styles/product_full_2x/public/products/lip_lipton_ice_tea_peach_x18_50g_.jpg?itok=bKNCmcSx","product_teaser":"https://cdn4.matsmart.se/sites/se/files/styles/product_teaser/public/products/lip_lipton_ice_tea_peach_x18_50g_.jpg?itok=VMM9X4J4","product_teaser_2x":"https://cdn4.matsmart.se/sites/se/files/styles/product_teaser_2x/public/products/lip_lipton_ice_tea_peach_x18_50g_.jpg?itok=8TwabqNC","product_zoom":"https://cdn4.matsmart.se/sites/se/files/styles/product_zoom/public/products/lip_lipton_ice_tea_peach_x18_50g_.jpg?itok=chlbTEdA"}}],"max_purchase":"","prices":{"comparison_price":"12,00 €/kg","price":{"amount":"60","currency_code":"EUR","data":{"components":[]}},"old_price":{"amount":"99","currency_code":"EUR","data":{"components":[]}},"price_table":{"amount":"50","currency_code":"EUR","min_qty":"4","max_qty":"-1","data":{"components":[]}}},"size":"50g","status":"1","stock":101,"vat_rate":"fi_intermediate","volume":{"length":"12.00000","width":"15.00000","height":"0.50000","unit":"cm"},"weight":{"weight":"55.00000","unit":"g"},"product_category":"21121","suppliers":[],"seasonal_themes":[]}],"published":"1603451580","status":"1","sticky":"0","tags":[]},{"id":387836,"label":"Luomu Vihreä Tee","self":"https://api.matsmart.se/api/v1.0/product-displays/387836","brand":"23996","brand_name":"Four oClock","categories":["14496"],"created":"1597128235","alias":"luomu-vihrea-tee-0","exclude_from_list":false,"product_info":"Reilun kaupan luomu vihreä tee.","market":"FI","products":[{"id":"93821","label":"Fou Grönt Neutralt, Eko Fairtrade 6x16p 16pcs EKO","self":"https://api.matsmart.se/api/v1.0/products/93821","best_before":"1648591200","product_contents":[{"id":"379821","self":"https://cdn1.matsmart.se/sites/se/files/product_contents/fou_gront_neutralt_eko_fairtrade_16p_ekoinnehall.jpg","filemime":"image/jpeg","filesize":"458576","width":"800","height":"800","styles":""}],"sku":"MS113833","gtin":"0779192402632","images":[{"id":"379816","self":"https://cdn1.matsmart.se/sites/se/files/products/fou_gront_neutralt_eko_fairtrade_16p_eko.jpg","filemime":"image/jpeg","filesize":"359896","width":"800","height":"800","styles":{"product_full":"https://cdn1.matsmart.se/sites/se/files/styles/product_full/public/products/fou_gront_neutralt_eko_fairtrade_16p_eko.jpg?itok=7C4ilEBT","product_full_2x":"https://cdn1.matsmart.se/sites/se/files/styles/product_full_2x/public/products/fou_gront_neutralt_eko_fairtrade_16p_eko.jpg?itok=lO_XpXQe","product_teaser":"https://cdn1.matsmart.se/sites/se/files/styles/product_teaser/public/products/fou_gront_neutralt_eko_fairtrade_16p_eko.jpg?itok=BRvYNKE1","product_teaser_2x":"https://cdn1.matsmart.se/sites/se/files/styles/product_teaser_2x/public/products/fou_gront_neutralt_eko_fairtrade_16p_eko.jpg?itok=BUn3aulT","product_zoom":"https://cdn1.matsmart.se/sites/se/files/styles/product_zoom/public/products/fou_gront_neutralt_eko_fairtrade_16p_eko.jpg?itok=0mqvg5I6"}}],"max_purchase":"","prices":{"comparison_price":"109,93 €/kg","price":{"amount":"299","currency_code":"EUR","data":{"components":[]}},"old_price":{"amount":"470","currency_code":"EUR","data":{"components":[]}}},"size":"27,2 g","status":"1","stock":101,"vat_rate":"fi_intermediate","volume":{"length":"12.00000","width":"8.00000","height":"7.00000","unit":"cm"},"weight":{"weight":"71.00000","unit":"g"},"product_category":"21176","suppliers":[],"seasonal_themes":[]}],"published":"1597128235","status":"1","sticky":"0","tags":["10941"]},{"id":392456,"label":"Suodatinkahvi Professional","self":"https://api.matsmart.se/api/v1.0/product-displays/392456","brand":"1247","brand_name":"Löfbergs Lila","categories":["14496"],"created":"1597125437","alias":"suodatinkahvi-professional","exclude_from_list":false,"product_info":"Tässä vaaleapaahtoisessa kahvissa on raikkaan hedelmäinen aromi ja pitkä, miellyttävä jälkimaku.","market":"FI","products":[{"id":"95371","label":"Löf Professional Light Grinding 1,5 RAC 250g","self":"https://api.matsmart.se/api/v1.0/products/95371","best_before":"1599256800","product_contents":[{"id":"377256","self":"https://cdn4.matsmart.se/sites/se/files/product_contents/lof_professional_light_grinding_15_rac_250ginnehall.jpg","filemime":"image/jpeg","filesize":"520416","width":"800","height":"800","styles":""},{"id":"377396","self":"https://cdn4.matsmart.se/sites/se/files/product_contents/lof_professional_light_grinding_15_rac_250ginnehall2.jpg","filemime":"image/jpeg","filesize":"272919","width":"800","height":"800","styles":""}],"sku":"MS114140","gtin":"7310050203065","images":[{"id":"377251","self":"https://cdn2.matsmart.se/sites/se/files/products/lof_professional_light_grinding_15_rac_250g_.jpg","filemime":"image/jpeg","filesize":"387035","width":"800","height":"800","styles":{"product_full":"https://cdn2.matsmart.se/sites/se/files/styles/product_full/public/products/lof_professional_light_grinding_15_rac_250g_.jpg?itok=XvluqLsa","product_full_2x":"https://cdn2.matsmart.se/sites/se/files/styles/product_full_2x/public/products/lof_professional_light_grinding_15_rac_250g_.jpg?itok=95V8l8_w","product_teaser":"https://cdn2.matsmart.se/sites/se/files/styles/product_teaser/public/products/lof_professional_light_grinding_15_rac_250g_.jpg?itok=26snP0w4","product_teaser_2x":"https://cdn2.matsmart.se/sites/se/files/styles/product_teaser_2x/public/products/lof_professional_light_grinding_15_rac_250g_.jpg?itok=d650OVHu","product_zoom":"https://cdn2.matsmart.se/sites/se/files/styles/product_zoom/public/products/lof_professional_light_grinding_15_rac_250g_.jpg?itok=tM7ijOxu"}}],"max_purchase":"","prices":{"comparison_price":"7,96 €/kg","price":{"amount":"199","currency_code":"EUR","data":{"components":[]}},"old_price":{"amount":"349","currency_code":"EUR","data":{"components":[]}}},"size":"250g","status":"1","stock":101,"vat_rate":"fi_standard","volume":{"length":"23.00000","width":"17.00000","height":"4.00000","unit":"cm"},"weight":{"weight":"267.00000","unit":"g"},"product_category":"21146","suppliers":[],"seasonal_themes":[]}],"published":"1597125437","status":"1","sticky":"0","tags":["24741"]},{"id":384426,"label":"Pikakahvi Sumatra","self":"https://api.matsmart.se/api/v1.0/product-displays/384426","brand":"1239","brand_name":"nescafe","categories":["14496"],"created":"1596708429","alias":"pikakahvi-sumatra","exclude_from_list":false,"product_info":"NESCAFÉ GOLD Origins Sumatra on sensuelli ja  aromaattinen kahvi, jonka savuisessa maussa maistuvat pähkinät ja karamelli.    ","market":"FI","products":[{"id":"92681","label":"Nes Sumatra pikakahvi 100g","self":"https://api.matsmart.se/api/v1.0/products/92681","best_before":"1614466800","product_contents":[{"id":"375496","self":"https://cdn3.matsmart.se/sites/se/files/product_contents/nes_sumatra_pikakahvi_100ginnehall.jpg","filemime":"image/jpeg","filesize":"693153","width":"800","height":"800","styles":""}],"sku":"MS113606","gtin":"7613036759625","images":[{"id":"375491","self":"https://cdn4.matsmart.se/sites/se/files/products/nes_sumatra_pikakahvi_100g.jpg","filemime":"image/jpeg","filesize":"287740","width":"800","height":"800","styles":{"product_full":"https://cdn4.matsmart.se/sites/se/files/styles/product_full/public/products/nes_sumatra_pikakahvi_100g.jpg?itok=_Jg3UXUN","product_full_2x":"https://cdn4.matsmart.se/sites/se/files/styles/product_full_2x/public/products/nes_sumatra_pikakahvi_100g.jpg?itok=RT_b7A1F","product_teaser":"https://cdn4.matsmart.se/sites/se/files/styles/product_teaser/public/products/nes_sumatra_pikakahvi_100g.jpg?itok=DUfuXTLT","product_teaser_2x":"https://cdn4.matsmart.se/sites/se/files/styles/product_teaser_2x/public/products/nes_sumatra_pikakahvi_100g.jpg?itok=o3bAQCA3","product_zoom":"https://cdn4.matsmart.se/sites/se/files/styles/product_zoom/public/products/nes_sumatra_pikakahvi_100g.jpg?itok=OmNO-X9R"}}],"max_purchase":"","prices":{"comparison_price":"34,90 €/kg","price":{"amount":"349","currency_code":"EUR","data":{"components":[]}},"old_price":{"amount":"495","currency_code":"EUR","data":{"components":[]}}},"size":"100g","status":"1","stock":101,"vat_rate":"fi_intermediate","volume":{"length":"19.00000","width":"8.00000","height":"8.00000","unit":"cm"},"weight":{"weight":"367.00000","unit":"g"},"product_category":"21156","suppliers":[],"seasonal_themes":[]}],"published":"1593683228","status":"1","sticky":"0","tags":["23166","22896","24741"]},{"id":377946,"label":"Luomu Tee Lakritsi","self":"https://api.matsmart.se/api/v1.0/product-displays/377946","brand":"1976","brand_name":"Higher Living","categories":["14496"],"created":"1591967852","alias":"luomu-tee-lakritsi","exclude_from_list":false,"product_info":"Lakritsin- ja piparmintunmakuinen luomu tee.","market":"FI","products":[{"id":"90511","label":"Hig Lakritsi luomu tee 30g EKO","self":"https://api.matsmart.se/api/v1.0/products/90511","best_before":"1656972000","product_contents":[{"id":"369466","self":"https://cdn1.matsmart.se/sites/se/files/product_contents/higher_living_licorice_innehall.jpg","filemime":"image/jpeg","filesize":"339814","width":"800","height":"800","styles":""}],"sku":"MS113175","gtin":"5060319120016","images":[{"id":"369461","self":"https://cdn2.matsmart.se/sites/se/files/products/higher_living_licorice.jpg","filemime":"image/jpeg","filesize":"290912","width":"800","height":"800","styles":{"product_full":"https://cdn2.matsmart.se/sites/se/files/styles/product_full/public/products/higher_living_licorice.jpg?itok=zwI0kFEh","product_full_2x":"https://cdn2.matsmart.se/sites/se/files/styles/product_full_2x/public/products/higher_living_licorice.jpg?itok=G5A_G4Du","product_teaser":"https://cdn2.matsmart.se/sites/se/files/styles/product_teaser/public/products/higher_living_licorice.jpg?itok=V_7mIPx0","product_teaser_2x":"https://cdn2.matsmart.se/sites/se/files/styles/product_teaser_2x/public/products/higher_living_licorice.jpg?itok=TDMyMn08","product_zoom":"https://cdn2.matsmart.se/sites/se/files/styles/product_zoom/public/products/higher_living_licorice.jpg?itok=Ob-o_ZOD"}}],"max_purchase":"","prices":{"comparison_price":"116,33 €/kg","price":{"amount":"349","currency_code":"EUR","data":{"components":[]}},"old_price":{"amount":"490","currency_code":"EUR","data":{"components":[]}}},"size":"30g","status":"1","stock":101,"vat_rate":"fi_intermediate","volume":{"length":"12.00000","width":"8.00000","height":"7.00000","unit":"cm"},"weight":{"weight":"70.00000","unit":"g"},"product_category":"21176","suppliers":[],"seasonal_themes":[]}],"published":"1591967852","status":"1","sticky":"0","tags":["10941","24741"]},{"id":377976,"label":"Luomu Tee Sweet Dreams","self":"https://api.matsmart.se/api/v1.0/product-displays/377976","brand":"1976","brand_name":"Higher Living","categories":["14496"],"created":"1591967727","alias":"luomu-tee-sweet-dreams","exclude_from_list":false,"product_info":"Luomu Sweet Dreams -tee on rauhoittava ja mieltä tyynnyttävä teesekoitus sisältäen laventelia, kamomillaa ja sitruunamelissaa. \u003cstrong>\u003c/strong>","market":"FI","products":[{"id":"90521","label":"Hig Sweet Dreams luomu tee 26g EKO","self":"https://api.matsmart.se/api/v1.0/products/90521","best_before":"1669762800","product_contents":[{"id":"369441","self":"https://cdn4.matsmart.se/sites/se/files/product_contents/higher_living_sweet_dreams_innehall_1.jpg","filemime":"image/jpeg","filesize":"383062","width":"800","height":"800","styles":""},{"id":"369446","self":"https://cdn1.matsmart.se/sites/se/files/product_contents/higher_living_sweet_dreams_innehall_2.jpg","filemime":"image/jpeg","filesize":"449708","width":"800","height":"800","styles":""}],"sku":"MS113177","gtin":"5060319120078","images":[{"id":"369436","self":"https://cdn3.matsmart.se/sites/se/files/products/higher_living_sweet_dreams.jpg","filemime":"image/jpeg","filesize":"313896","width":"800","height":"800","styles":{"product_full":"https://cdn3.matsmart.se/sites/se/files/styles/product_full/public/products/higher_living_sweet_dreams.jpg?itok=Mqp-cAwq","product_full_2x":"https://cdn3.matsmart.se/sites/se/files/styles/product_full_2x/public/products/higher_living_sweet_dreams.jpg?itok=S19FXIAk","product_teaser":"https://cdn3.matsmart.se/sites/se/files/styles/product_teaser/public/products/higher_living_sweet_dreams.jpg?itok=e8JUtq1R","product_teaser_2x":"https://cdn3.matsmart.se/sites/se/files/styles/product_teaser_2x/public/products/higher_living_sweet_dreams.jpg?itok=NMUHr1v-","product_zoom":"https://cdn3.matsmart.se/sites/se/files/styles/product_zoom/public/products/higher_living_sweet_dreams.jpg?itok=nv9Qp4QY"}}],"max_purchase":"","prices":{"comparison_price":"134,23 €/kg","price":{"amount":"349","currency_code":"EUR","data":{"components":[]}},"old_price":{"amount":"490","currency_code":"EUR","data":{"components":[]}}},"size":"26g","status":"1","stock":101,"vat_rate":"fi_intermediate","volume":{"length":"12.00000","width":"8.00000","height":"7.00000","unit":"cm"},"weight":{"weight":"65.00000","unit":"g"},"product_category":"21176","suppliers":[],"seasonal_themes":[]}],"published":"1591967727","status":"1","sticky":"0","tags":["10941","24631","24741"]},{"id":351291,"label":"Suodatinkahvi Butembo","self":"https://api.matsmart.se/api/v1.0/product-displays/351291","brand":"16326","brand_name":"Rutasoka","categories":["14496"],"created":"1590760081","alias":"suodatinkahvi-butembo","exclude_from_list":true,"product_info":"Rutasokan luomu Butembo suodatankahvi on valmistettu 100% arabica-pavuista Kongosta. ","market":"FI","products":[{"id":"81561","label":"Rut Butembo mörk bryggmalet 300g EKO","self":"https://api.matsmart.se/api/v1.0/products/81561","best_before":"1618437600","product_contents":[{"id":"375446","self":"https://cdn1.matsmart.se/sites/se/files/product_contents/rutasoka_butembo_morkrost_innehall_0.jpg","filemime":"image/jpeg","filesize":"589734","width":"800","height":"800","styles":""}],"sku":"MS111401","gtin":null,"images":[{"id":"351821","self":"https://cdn3.matsmart.se/sites/se/files/products/rutasoka_butembo_morkrost.jpg","filemime":"image/jpeg","filesize":"366880","width":"800","height":"800","styles":{"product_full":"https://cdn3.matsmart.se/sites/se/files/styles/product_full/public/products/rutasoka_butembo_morkrost.jpg?itok=nUMq3KeA","product_full_2x":"https://cdn3.matsmart.se/sites/se/files/styles/product_full_2x/public/products/rutasoka_butembo_morkrost.jpg?itok=Vj2KPsjs","product_teaser":"https://cdn3.matsmart.se/sites/se/files/styles/product_teaser/public/products/rutasoka_butembo_morkrost.jpg?itok=R4Raqpcu","product_teaser_2x":"https://cdn3.matsmart.se/sites/se/files/styles/product_teaser_2x/public/products/rutasoka_butembo_morkrost.jpg?itok=ZugklyN0","product_zoom":"https://cdn3.matsmart.se/sites/se/files/styles/product_zoom/public/products/rutasoka_butembo_morkrost.jpg?itok=xVSqjGD6"}}],"max_purchase":"","prices":{"comparison_price":"16,63 €/kg","price":{"amount":"499","currency_code":"EUR","data":{"components":[]}},"old_price":{"amount":"799","currency_code":"EUR","data":{"components":[]}}},"size":"300g","status":"1","stock":101,"vat_rate":"fi_intermediate","volume":{"length":"19.00000","width":"19.00000","height":"5.00000","unit":"cm"},"weight":{"weight":"311.00000","unit":"g"},"product_category":"21146","suppliers":[],"seasonal_themes":[]}],"published":"1593683427","status":"1","sticky":"0","tags":[]},{"id":368291,"label":"Teejuomajauhe Sitruuna","self":"https://api.matsmart.se/api/v1.0/product-displays/368291","brand":"197","brand_name":"Nestlé","categories":["14496"],"created":"1589281207","alias":"teejuomajauhe-sitruuna","exclude_from_list":false,"product_info":"Sitruunanmakuinen teejuomajauhe. Sekoita veden kanssa ja nauti!","market":"FI","products":[{"id":"87276","label":"Nes Sitruunateepussi 300g","self":"https://api.matsmart.se/api/v1.0/products/87276","best_before":"1619733600","product_contents":[{"id":"368291","self":"https://cdn3.matsmart.se/sites/se/files/product_contents/nelstle_citronte_ingredienser.jpg","filemime":"image/jpeg","filesize":"483405","width":"800","height":"800","styles":""}],"sku":"MS112532","gtin":"6417903003603","images":[{"id":"368286","self":"https://cdn3.matsmart.se/sites/se/files/products/nestle_citronte_front.jpg","filemime":"image/jpeg","filesize":"389279","width":"800","height":"800","styles":{"product_full":"https://cdn3.matsmart.se/sites/se/files/styles/product_full/public/products/nestle_citronte_front.jpg?itok=at0UKkb0","product_full_2x":"https://cdn3.matsmart.se/sites/se/files/styles/product_full_2x/public/products/nestle_citronte_front.jpg?itok=nN_1KpzF","product_teaser":"https://cdn3.matsmart.se/sites/se/files/styles/product_teaser/public/products/nestle_citronte_front.jpg?itok=ymMaC_R2","product_teaser_2x":"https://cdn3.matsmart.se/sites/se/files/styles/product_teaser_2x/public/products/nestle_citronte_front.jpg?itok=Z7nBnYIE","product_zoom":"https://cdn3.matsmart.se/sites/se/files/styles/product_zoom/public/products/nestle_citronte_front.jpg?itok=384W84GX"}}],"max_purchase":"","prices":{"comparison_price":"7,30 €/kg","price":{"amount":"219","currency_code":"EUR","data":{"components":[]}},"old_price":{"amount":"279","currency_code":"EUR","data":{"components":[]}}},"size":"300g","status":"1","stock":101,"vat_rate":"fi_intermediate","volume":{"length":"17.00000","width":"9.00000","height":"4.00000","unit":"cm"},"weight":{"weight":"310.00000","unit":"g"},"product_category":"21176","suppliers":[],"seasonal_themes":[]}],"published":"1591706962","status":"1","sticky":"0","tags":["23226"]},{"id":197126,"label":"Kahvipavut Kasenga ","self":"https://api.matsmart.se/api/v1.0/product-displays/197126","brand":"16326","brand_name":"Rutasoka","categories":["14496"],"created":"1587383135","alias":"kahvipavut-kasenga","exclude_from_list":true,"product_info":"Luomu kahvipavut kasenga sopii täydellisesti espresson valmistamiseen.","market":"FI","products":[{"id":"64706","label":"Kasenga eko mörk hela bönor 425g","self":"https://api.matsmart.se/api/v1.0/products/64706","best_before":"1629756000","product_contents":[{"id":"388991","self":"https://cdn2.matsmart.se/sites/se/files/product_contents/kaffebonor_kasengainnehall.png","filemime":"image/png","filesize":"311832","width":"458","height":"800","styles":""}],"sku":"MS108161","gtin":"7350102570127","images":[{"id":"404961","self":"https://cdn3.matsmart.se/sites/se/files/products/rutasoka_kasenga_hela_bonor_ny.jpg","filemime":"image/jpeg","filesize":"385949","width":"800","height":"800","styles":{"product_full":"https://cdn3.matsmart.se/sites/se/files/styles/product_full/public/products/rutasoka_kasenga_hela_bonor_ny.jpg?itok=t8A_CHBd","product_full_2x":"https://cdn3.matsmart.se/sites/se/files/styles/product_full_2x/public/products/rutasoka_kasenga_hela_bonor_ny.jpg?itok=L51g5cwE","product_teaser":"https://cdn3.matsmart.se/sites/se/files/styles/product_teaser/public/products/rutasoka_kasenga_hela_bonor_ny.jpg?itok=jmyCJ8I3","product_teaser_2x":"https://cdn3.matsmart.se/sites/se/files/styles/product_teaser_2x/public/products/rutasoka_kasenga_hela_bonor_ny.jpg?itok=NGIUJYPf","product_zoom":"https://cdn3.matsmart.se/sites/se/files/styles/product_zoom/public/products/rutasoka_kasenga_hela_bonor_ny.jpg?itok=lBhBN8R0"}}],"max_purchase":"","prices":{"comparison_price":"17,76 €/kg","price":{"amount":"799","currency_code":"EUR","data":{"components":[]}},"old_price":{"amount":"1199","currency_code":"EUR","data":{"components":[]}}},"size":"450 g","status":"1","stock":101,"vat_rate":"fi_intermediate","volume":{"length":"28.00000","width":"10.50000","height":"8.00000","unit":"cm"},"weight":{"weight":"460.00000","unit":"g"},"product_category":"21151","suppliers":[],"seasonal_themes":[]}],"published":"1599226567","status":"1","sticky":"0","tags":["10941"]},{"id":356201,"label":"Juomajauhe Latte Turmeric Gold","self":"https://api.matsmart.se/api/v1.0/product-displays/356201","brand":"7098","brand_name":"Pukka","categories":["14496"],"created":"1587117406","alias":"juomajauhe-latte-turmeric-gold","exclude_from_list":false,"product_info":"Pukka Organic Latte Turmeric Gold on juomajauhe, jossa maistuu kurkuma, inkivääri ja sahrami. Lisää vain maito ja nauti.","market":"FI","products":[{"id":"83201","label":"Puk Lattemix Turmeric Gold 90g","self":"https://api.matsmart.se/api/v1.0/products/83201","best_before":"1593468000","product_contents":[{"id":"355446","self":"https://cdn3.matsmart.se/sites/se/files/product_contents/pukka_organic_latte_turmeric_gold_ingredienser.jpg","filemime":"image/jpeg","filesize":"739351","width":"800","height":"800","styles":""},{"id":"355451","self":"https://cdn4.matsmart.se/sites/se/files/product_contents/pukka_organic_latte_tumeric_gold_naringsinnehall.jpg","filemime":"image/jpeg","filesize":"673089","width":"800","height":"800","styles":""}],"sku":"MS111728","gtin":"5060519143266","images":[{"id":"355441","self":"https://cdn2.matsmart.se/sites/se/files/products/pukka_organic_latte_turmeric_gold.jpg","filemime":"image/jpeg","filesize":"510546","width":"800","height":"800","styles":{"product_full":"https://cdn2.matsmart.se/sites/se/files/styles/product_full/public/products/pukka_organic_latte_turmeric_gold.jpg?itok=y3gmpdj2","product_full_2x":"https://cdn2.matsmart.se/sites/se/files/styles/product_full_2x/public/products/pukka_organic_latte_turmeric_gold.jpg?itok=f1RjhH7i","product_teaser":"https://cdn2.matsmart.se/sites/se/files/styles/product_teaser/public/products/pukka_organic_latte_turmeric_gold.jpg?itok=TxVAsMzd","product_teaser_2x":"https://cdn2.matsmart.se/sites/se/files/styles/product_teaser_2x/public/products/pukka_organic_latte_turmeric_gold.jpg?itok=Bvl1RVD5","product_zoom":"https://cdn2.matsmart.se/sites/se/files/styles/product_zoom/public/products/pukka_organic_latte_turmeric_gold.jpg?itok=TiLWPzjl"}}],"max_purchase":"","prices":{"comparison_price":"55,44 €/kg","price":{"amount":"599","currency_code":"EUR","data":{"components":[]}},"old_price":{"amount":"799","currency_code":"EUR","data":{"components":[]}}},"size":"90 g","status":"1","stock":101,"vat_rate":"fi_intermediate","volume":{"length":"17.00000","width":"14.00000","height":"4.00000","unit":"cm"},"weight":{"weight":"105.00000","unit":"g"},"product_category":"21176","suppliers":[],"seasonal_themes":[]}],"published":"1587117406","status":"1","sticky":"0","tags":[]},{"id":356231,"label":"Juomajauhe Ginger Joy ","self":"https://api.matsmart.se/api/v1.0/product-displays/356231","brand":"7098","brand_name":"Pukka","categories":["14496"],"created":"1585738811","alias":"juomajauhe-ginger-joy","exclude_from_list":false,"product_info":"Pukka Organic Lattemix Ginger Joy on juomajauhe, jossa maistuu inkivääri. Lisää vain maito ja nauti.","market":"FI","products":[{"id":"83211","label":"Puk Lattemix Ginger Joy 90g","self":"https://api.matsmart.se/api/v1.0/products/83211","best_before":"1596060000","product_contents":[{"id":"355516","self":"https://cdn2.matsmart.se/sites/se/files/product_contents/pukka_organic_latte_ginger_joy_innehall.jpg","filemime":"image/jpeg","filesize":"482248","width":"800","height":"800","styles":""}],"sku":"MS111730","gtin":"5060519143242","images":[{"id":"355511","self":"https://cdn2.matsmart.se/sites/se/files/products/pukka_organic_latte_ginger_joy.jpg","filemime":"image/jpeg","filesize":"442625","width":"800","height":"800","styles":{"product_full":"https://cdn2.matsmart.se/sites/se/files/styles/product_full/public/products/pukka_organic_latte_ginger_joy.jpg?itok=xZeMX2MX","product_full_2x":"https://cdn2.matsmart.se/sites/se/files/styles/product_full_2x/public/products/pukka_organic_latte_ginger_joy.jpg?itok=vM8UEzUL","product_teaser":"https://cdn2.matsmart.se/sites/se/files/styles/product_teaser/public/products/pukka_organic_latte_ginger_joy.jpg?itok=UD0_dhM7","product_teaser_2x":"https://cdn2.matsmart.se/sites/se/files/styles/product_teaser_2x/public/products/pukka_organic_latte_ginger_joy.jpg?itok=uxAOFlNs","product_zoom":"https://cdn2.matsmart.se/sites/se/files/styles/product_zoom/public/products/pukka_organic_latte_ginger_joy.jpg?itok=AbTlCFie"}}],"max_purchase":"","prices":{"comparison_price":"66,56 €/kg","price":{"amount":"599","currency_code":"EUR","data":{"components":[]}},"old_price":{"amount":"799","currency_code":"EUR","data":{"components":[]}}},"size":"90 g","status":"1","stock":101,"vat_rate":"fi_intermediate","volume":{"length":"17.00000","width":"14.00000","height":"4.00000","unit":"cm"},"weight":{"weight":"106.00000","unit":"g"},"product_category":"21176","suppliers":[],"seasonal_themes":[]}],"published":"1596715907","status":"1","sticky":"0","tags":["24741"]},{"id":319911,"label":"Luomu Espresso Kahvipavut","self":"https://api.matsmart.se/api/v1.0/product-displays/319911","brand":"16326","brand_name":"Rutasoka","categories":["14496"],"created":"1582198454","alias":"luomu-espresso-kahvipavut","exclude_from_list":false,"product_info":"Luomu rutasoka espresso kahvipavut.","market":"FI","products":[{"id":"70781","label":"Mitumba 7.3 EKO Espresso HB 425 g","self":"https://api.matsmart.se/api/v1.0/products/70781","best_before":"1620943200","product_contents":[{"id":"364456","self":"https://cdn4.matsmart.se/sites/se/files/product_contents/rutasoka_mitumba_7.3_eko.jpg","filemime":"image/jpeg","filesize":"429720","width":"800","height":"800","styles":""}],"sku":"MS109328","gtin":"7350102570103","images":[{"id":"364451","self":"https://cdn3.matsmart.se/sites/se/files/products/rutasoka_mitumba_73_front.jpg","filemime":"image/jpeg","filesize":"280327","width":"800","height":"800","styles":{"product_full":"https://cdn3.matsmart.se/sites/se/files/styles/product_full/public/products/rutasoka_mitumba_73_front.jpg?itok=oas3TFFW","product_full_2x":"https://cdn3.matsmart.se/sites/se/files/styles/product_full_2x/public/products/rutasoka_mitumba_73_front.jpg?itok=hskRz4JG","product_teaser":"https://cdn3.matsmart.se/sites/se/files/styles/product_teaser/public/products/rutasoka_mitumba_73_front.jpg?itok=GTrn8AAt","product_teaser_2x":"https://cdn3.matsmart.se/sites/se/files/styles/product_teaser_2x/public/products/rutasoka_mitumba_73_front.jpg?itok=1P-YD42c","product_zoom":"https://cdn3.matsmart.se/sites/se/files/styles/product_zoom/public/products/rutasoka_mitumba_73_front.jpg?itok=_Q5kMx7z"}}],"max_purchase":"","prices":{"comparison_price":"16,45 €/kg","price":{"amount":"699","currency_code":"EUR","data":{"components":[]}},"old_price":{"amount":"1280","currency_code":"EUR","data":{"components":[]}}},"size":"450g","status":"1","stock":101,"vat_rate":"fi_intermediate","volume":{"length":"27.00000","width":"11.00000","height":"7.50000","unit":"cm"},"weight":{"weight":"434.00000","unit":"g"},"product_category":"21151","suppliers":[],"seasonal_themes":[]}],"published":"1590489416","status":"1","sticky":"0","tags":["10941","24741"]},{"id":351306,"label":"Suodatinkahvi Minova","self":"https://api.matsmart.se/api/v1.0/product-displays/351306","brand":"16326","brand_name":"Rutasoka","categories":["14496"],"created":"1582198454","alias":"suodatinkahvi-minova","exclude_from_list":true,"product_info":"Rutasokan luomu Minova suodatinkahvi on valmistettu 100% Arabica-pavuista.  ","market":"FI","products":[{"id":"81566","label":"Rut Minova mellan bryggmalet 500g EKO","self":"https://api.matsmart.se/api/v1.0/products/81566","best_before":"1614985200","product_contents":[{"id":"351816","self":"https://cdn4.matsmart.se/sites/se/files/product_contents/rutasoka_minova_mellanrost_innehall.jpg","filemime":"image/jpeg","filesize":"626182","width":"800","height":"800","styles":""}],"sku":"MS111402","gtin":null,"images":[{"id":"404966","self":"https://cdn2.matsmart.se/sites/se/files/products/rutasoka_bryggkaffe_minova_svart_ny.jpg","filemime":"image/jpeg","filesize":"251079","width":"800","height":"800","styles":{"product_full":"https://cdn2.matsmart.se/sites/se/files/styles/product_full/public/products/rutasoka_bryggkaffe_minova_svart_ny.jpg?itok=kGouUyyJ","product_full_2x":"https://cdn2.matsmart.se/sites/se/files/styles/product_full_2x/public/products/rutasoka_bryggkaffe_minova_svart_ny.jpg?itok=SC57e8kb","product_teaser":"https://cdn2.matsmart.se/sites/se/files/styles/product_teaser/public/products/rutasoka_bryggkaffe_minova_svart_ny.jpg?itok=tMLgcGdD","product_teaser_2x":"https://cdn2.matsmart.se/sites/se/files/styles/product_teaser_2x/public/products/rutasoka_bryggkaffe_minova_svart_ny.jpg?itok=rGfMojX2","product_zoom":"https://cdn2.matsmart.se/sites/se/files/styles/product_zoom/public/products/rutasoka_bryggkaffe_minova_svart_ny.jpg?itok=iztKmyjL"}}],"max_purchase":"","prices":{"comparison_price":"15,98 €/kg","price":{"amount":"799","currency_code":"EUR","data":{"components":[]}},"old_price":{"amount":"1150","currency_code":"EUR","data":{"components":[]}}},"size":"500 g","status":"1","stock":101,"vat_rate":"fi_standard","volume":{"length":"26.00000","width":"19.00000","height":"6.00000","unit":"cm"},"weight":{"weight":"505.00000","unit":"g"},"product_category":"21146","suppliers":[],"seasonal_themes":[]}],"published":"1599226515","status":"1","sticky":"0","tags":["10941"]},{"id":189016,"label":"Suodatinkahvi Okapi ","self":"https://api.matsmart.se/api/v1.0/product-displays/189016","brand":"16326","brand_name":"Rutasoka","categories":["14496"],"created":"1582198454","alias":"suodatinkahvi-okapi","exclude_from_list":false,"product_info":"Rutasoka Okapi - keskipaahdettu suodatinkahvi.","market":"FI","products":[{"id":"61906","label":"OKAPI Kaffe Mellan/mörk bryggmalet 425g Eko","self":"https://api.matsmart.se/api/v1.0/products/61906","best_before":"1630101600","product_contents":[{"id":"339286","self":"https://cdn2.matsmart.se/sites/se/files/product_contents/rutasoka_okapi_innehall_ny_0.jpg","filemime":"image/jpeg","filesize":"201788","width":"800","height":"800","styles":""}],"sku":"MS107640","gtin":"7350102570165","images":[{"id":"404951","self":"https://cdn1.matsmart.se/sites/se/files/products/rutasoka_okapi_bryggmalet_ny_0.jpg","filemime":"image/jpeg","filesize":"383160","width":"800","height":"800","styles":{"product_full":"https://cdn1.matsmart.se/sites/se/files/styles/product_full/public/products/rutasoka_okapi_bryggmalet_ny_0.jpg?itok=zNL-T5wD","product_full_2x":"https://cdn1.matsmart.se/sites/se/files/styles/product_full_2x/public/products/rutasoka_okapi_bryggmalet_ny_0.jpg?itok=7CKcrzI8","product_teaser":"https://cdn1.matsmart.se/sites/se/files/styles/product_teaser/public/products/rutasoka_okapi_bryggmalet_ny_0.jpg?itok=cbZb6X2W","product_teaser_2x":"https://cdn1.matsmart.se/sites/se/files/styles/product_teaser_2x/public/products/rutasoka_okapi_bryggmalet_ny_0.jpg?itok=kpkFsOmi","product_zoom":"https://cdn1.matsmart.se/sites/se/files/styles/product_zoom/public/products/rutasoka_okapi_bryggmalet_ny_0.jpg?itok=Ic5GLN7N"}}],"max_purchase":"","prices":{"comparison_price":"17,76 €/kg","price":{"amount":"799","currency_code":"EUR","data":{"components":[]}},"old_price":{"amount":"1090","currency_code":"EUR","data":{"components":[]}}},"size":"450 g","status":"1","stock":101,"vat_rate":"fi_intermediate","volume":{"length":"28.00000","width":"11.00000","height":"8.00000","unit":"cm"},"weight":{"weight":"475.00000","unit":"g"},"product_category":"21146","suppliers":[],"seasonal_themes":[]}],"published":"1599224761","status":"1","sticky":"0","tags":["10941","24741"]},{"id":387626,"label":"Luomu Musta Tee","self":"https://api.matsmart.se/api/v1.0/product-displays/387626","brand":"23996","brand_name":"Four oClock","categories":["14496"],"created":"1566117107","alias":"luomu-musta-tee","exclude_from_list":false,"product_info":"Reilun kaupan luomu musta earl grey tee.","market":"FI","products":[{"id":"93751","label":"Fou Earl Grey, Eko Fairtrade  6x16p 16pcs EKO","self":"https://api.matsmart.se/api/v1.0/products/93751","best_before":"1677538800","product_contents":[{"id":"379781","self":"https://cdn4.matsmart.se/sites/se/files/product_contents/fou_earl_grey_eko_fairtrade_16p_ekoinnehall.jpg","filemime":"image/jpeg","filesize":"557669","width":"800","height":"800","styles":""}],"sku":"MS113819","gtin":"0779192402212","images":[{"id":"379776","self":"https://cdn2.matsmart.se/sites/se/files/products/fou_earl_grey_eko_fairtrade_16p_eko_.jpg","filemime":"image/jpeg","filesize":"332580","width":"800","height":"800","styles":{"product_full":"https://cdn2.matsmart.se/sites/se/files/styles/product_full/public/products/fou_earl_grey_eko_fairtrade_16p_eko_.jpg?itok=wlUNovqO","product_full_2x":"https://cdn2.matsmart.se/sites/se/files/styles/product_full_2x/public/products/fou_earl_grey_eko_fairtrade_16p_eko_.jpg?itok=-qe6XNuR","product_teaser":"https://cdn2.matsmart.se/sites/se/files/styles/product_teaser/public/products/fou_earl_grey_eko_fairtrade_16p_eko_.jpg?itok=wNaEfpLH","product_teaser_2x":"https://cdn2.matsmart.se/sites/se/files/styles/product_teaser_2x/public/products/fou_earl_grey_eko_fairtrade_16p_eko_.jpg?itok=AvnMH7ch","product_zoom":"https://cdn2.matsmart.se/sites/se/files/styles/product_zoom/public/products/fou_earl_grey_eko_fairtrade_16p_eko_.jpg?itok=4_5Ee6CA"}}],"max_purchase":"","prices":{"comparison_price":"93,44 €/kg","price":{"amount":"299","currency_code":"EUR","data":{"components":[]}},"old_price":{"amount":"470","currency_code":"EUR","data":{"components":[]}}},"size":"32 g","status":"1","stock":101,"vat_rate":"fi_intermediate","volume":{"length":"12.00000","width":"8.00000","height":"7.00000","unit":"cm"},"weight":{"weight":"74.00000","unit":"g"},"product_category":"21176","suppliers":[],"seasonal_themes":[]}],"published":"1597128796","status":"1","sticky":"0","tags":["10941"]},{"id":387641,"label":"Luomu Vihreä Rooibos Tee","self":"https://api.matsmart.se/api/v1.0/product-displays/387641","brand":"23996","brand_name":"Four oClock","categories":["14496"],"created":"1566117107","alias":"luomu-vihrea-rooibos-tee","exclude_from_list":false,"product_info":"Reilun kaupan luomu vihreä rooibos-tee.","market":"FI","products":[{"id":"93756","label":"Fou Rooibos &amp; Grönt te, Eko Fairtrade 6x16p 16pcs EKO","self":"https://api.matsmart.se/api/v1.0/products/93756","best_before":"1675033200","product_contents":[{"id":"379066","self":"https://cdn1.matsmart.se/sites/se/files/product_contents/fou_rooibos_gront_te_eko_fairtrade_6x16p_16pcs_ekoinnehall.jpg","filemime":"image/jpeg","filesize":"429708","width":"800","height":"800","styles":""}],"sku":"MS113820","gtin":"0779192402236","images":[{"id":"379061","self":"https://cdn2.matsmart.se/sites/se/files/products/fou_rooibos_gront_te_eko_fairtrade_6x16p_16pcs_eko_.jpg","filemime":"image/jpeg","filesize":"348417","width":"800","height":"800","styles":{"product_full":"https://cdn2.matsmart.se/sites/se/files/styles/product_full/public/products/fou_rooibos_gront_te_eko_fairtrade_6x16p_16pcs_eko_.jpg?itok=TnQENfFB","product_full_2x":"https://cdn2.matsmart.se/sites/se/files/styles/product_full_2x/public/products/fou_rooibos_gront_te_eko_fairtrade_6x16p_16pcs_eko_.jpg?itok=JWZzfYEI","product_teaser":"https://cdn2.matsmart.se/sites/se/files/styles/product_teaser/public/products/fou_rooibos_gront_te_eko_fairtrade_6x16p_16pcs_eko_.jpg?itok=n931H1Hq","product_teaser_2x":"https://cdn2.matsmart.se/sites/se/files/styles/product_teaser_2x/public/products/fou_rooibos_gront_te_eko_fairtrade_6x16p_16pcs_eko_.jpg?itok=WxZIwGSf","product_zoom":"https://cdn2.matsmart.se/sites/se/files/styles/product_zoom/public/products/fou_rooibos_gront_te_eko_fairtrade_6x16p_16pcs_eko_.jpg?itok=X6h2PmeX"}}],"max_purchase":"","prices":{"comparison_price":"109,93 €/kg","price":{"amount":"299","currency_code":"EUR","data":{"components":[]}},"old_price":{"amount":"470","currency_code":"EUR","data":{"components":[]}}},"size":"27,2 g","status":"1","stock":101,"vat_rate":"fi_intermediate","volume":{"length":"12.00000","width":"8.00000","height":"7.00000","unit":"cm"},"weight":{"weight":"68.00000","unit":"g"},"product_category":"21176","suppliers":[],"seasonal_themes":[]}],"published":"1597125594","status":"1","sticky":"0","tags":["10941","24741"]},{"id":387671,"label":"Luomu Vihreä Chai","self":"https://api.matsmart.se/api/v1.0/product-displays/387671","brand":"23996","brand_name":"Four oClock","categories":["14496"],"created":"1566117107","alias":"luomu-vihrea-chai","exclude_from_list":false,"product_info":"Reilun kaupan luomu kofeiiniton vihreä chai tee.","market":"FI","products":[{"id":"93766","label":"Fou Grönt Chai, Eko Fairtrade 6x16p 16pcs EKO","self":"https://api.matsmart.se/api/v1.0/products/93766","best_before":"1656540000","product_contents":[{"id":"379751","self":"https://cdn4.matsmart.se/sites/se/files/product_contents/fou_gront_chai_eko_fairtrade_16p_eko_innehall.jpg","filemime":"image/jpeg","filesize":"451073","width":"800","height":"800","styles":""}],"sku":"MS113822","gtin":"0779192402342","images":[{"id":"379746","self":"https://cdn2.matsmart.se/sites/se/files/products/fou_gront_chai_eko_fairtrade_16p_eko_.jpg","filemime":"image/jpeg","filesize":"359588","width":"800","height":"800","styles":{"product_full":"https://cdn2.matsmart.se/sites/se/files/styles/product_full/public/products/fou_gront_chai_eko_fairtrade_16p_eko_.jpg?itok=F68YP9OX","product_full_2x":"https://cdn2.matsmart.se/sites/se/files/styles/product_full_2x/public/products/fou_gront_chai_eko_fairtrade_16p_eko_.jpg?itok=Sgm9ujOr","product_teaser":"https://cdn2.matsmart.se/sites/se/files/styles/product_teaser/public/products/fou_gront_chai_eko_fairtrade_16p_eko_.jpg?itok=6N8X3YS3","product_teaser_2x":"https://cdn2.matsmart.se/sites/se/files/styles/product_teaser_2x/public/products/fou_gront_chai_eko_fairtrade_16p_eko_.jpg?itok=vfhPXdbe","product_zoom":"https://cdn2.matsmart.se/sites/se/files/styles/product_zoom/public/products/fou_gront_chai_eko_fairtrade_16p_eko_.jpg?itok=uO4-EJde"}}],"max_purchase":"","prices":{"comparison_price":"93,44 €/kg","price":{"amount":"299","currency_code":"EUR","data":{"components":[]}},"old_price":{"amount":"470","currency_code":"EUR","data":{"components":[]}}},"size":"32 g","status":"1","stock":101,"vat_rate":"fi_intermediate","volume":{"length":"12.00000","width":"8.00000","height":"7.00000","unit":"cm"},"weight":{"weight":"75.00000","unit":"g"},"product_category":"21176","suppliers":[],"seasonal_themes":[]}],"published":"1597739507","status":"1","sticky":"0","tags":["10941","24741"]},{"id":367611,"label":"Maustettu Tee Zen Hetki","self":"https://api.matsmart.se/api/v1.0/product-displays/367611","brand":"21701","brand_name":"Nordqvist","categories":["14496"],"created":"1566117107","alias":"maustettu-tee-zen-hetki","exclude_from_list":false,"product_info":"Herkullinen kofeiinitonta mustaa teetä, kamomillaa ja sitruunankuorta yhdistelevä, appelsiinilla ja vaniljalla maustettu tee rauhallisiin hetkiin.","market":"FI","products":[{"id":"87046","label":"Nor Zen Hetki decaf 35g","self":"https://api.matsmart.se/api/v1.0/products/87046","best_before":"1598824800","product_contents":[{"id":"362811","self":"https://cdn2.matsmart.se/sites/se/files/product_contents/nordqvist_zen_hetki_innehall.jpg","filemime":"image/jpeg","filesize":"608775","width":"800","height":"800","styles":""}],"sku":"MS112487","gtin":"6413446014595","images":[{"id":"362806","self":"https://cdn2.matsmart.se/sites/se/files/products/nordqvist_zen_hetki.jpg","filemime":"image/jpeg","filesize":"410984","width":"800","height":"800","styles":{"product_full":"https://cdn2.matsmart.se/sites/se/files/styles/product_full/public/products/nordqvist_zen_hetki.jpg?itok=s0mnG-7y","product_full_2x":"https://cdn2.matsmart.se/sites/se/files/styles/product_full_2x/public/products/nordqvist_zen_hetki.jpg?itok=Qhw2eYig","product_teaser":"https://cdn2.matsmart.se/sites/se/files/styles/product_teaser/public/products/nordqvist_zen_hetki.jpg?itok=FKQkuu_L","product_teaser_2x":"https://cdn2.matsmart.se/sites/se/files/styles/product_teaser_2x/public/products/nordqvist_zen_hetki.jpg?itok=dp42spZ3","product_zoom":"https://cdn2.matsmart.se/sites/se/files/styles/product_zoom/public/products/nordqvist_zen_hetki.jpg?itok=bZja5OLm"}}],"max_purchase":"","prices":{"comparison_price":"45,43 €/kg","price":{"amount":"159","currency_code":"EUR","data":{"components":[]}},"old_price":{"amount":"199","currency_code":"EUR","data":{"components":[]}}},"size":"35g","status":"1","stock":101,"vat_rate":"fi_intermediate","volume":{"length":"8.00000","width":"6.50000","height":"12.00000","unit":"cm"},"weight":{"weight":"67.00000","unit":"g"},"product_category":"21176","suppliers":[],"seasonal_themes":[]}],"published":"1589795807","status":"1","sticky":"0","tags":["24741"]},{"id":387686,"label":"Luomu Tee Granaattiomena & Echinacea","self":"https://api.matsmart.se/api/v1.0/product-displays/387686","brand":"23996","brand_name":"Four oClock","categories":["14496"],"created":"1566117107","alias":"luomu-tee-granaattiomena-echinacea","exclude_from_list":false,"product_info":"Granaattiomenan ja echinacean makuinen luomu tee.","market":"FI","products":[{"id":"93771","label":"Fou Granatäpple Echinacea, Eko Fairtrade 6x16p 16pcs EKO","self":"https://api.matsmart.se/api/v1.0/products/93771","best_before":"1653861600","product_contents":[{"id":"379801","self":"https://cdn4.matsmart.se/sites/se/files/product_contents/fou_granatapple_echinacea_eko_fairtrade_16p_ekoinnehall.jpg","filemime":"image/jpeg","filesize":"527356","width":"800","height":"800","styles":""}],"sku":"MS113823","gtin":"0779192202249","images":[{"id":"379796","self":"https://cdn1.matsmart.se/sites/se/files/products/fou_granatapple_echinacea_eko_fairtrade_16p_eko.jpg","filemime":"image/jpeg","filesize":"361176","width":"800","height":"800","styles":{"product_full":"https://cdn1.matsmart.se/sites/se/files/styles/product_full/public/products/fou_granatapple_echinacea_eko_fairtrade_16p_eko.jpg?itok=is3acp2r","product_full_2x":"https://cdn1.matsmart.se/sites/se/files/styles/product_full_2x/public/products/fou_granatapple_echinacea_eko_fairtrade_16p_eko.jpg?itok=D5WbsqOm","product_teaser":"https://cdn1.matsmart.se/sites/se/files/styles/product_teaser/public/products/fou_granatapple_echinacea_eko_fairtrade_16p_eko.jpg?itok=1YP1ZiqH","product_teaser_2x":"https://cdn1.matsmart.se/sites/se/files/styles/product_teaser_2x/public/products/fou_granatapple_echinacea_eko_fairtrade_16p_eko.jpg?itok=M6qijTR_","product_zoom":"https://cdn1.matsmart.se/sites/se/files/styles/product_zoom/public/products/fou_granatapple_echinacea_eko_fairtrade_16p_eko.jpg?itok=RQsMfDA8"}}],"max_purchase":"","prices":{"comparison_price":"103,82 €/kg","price":{"amount":"299","currency_code":"EUR","data":{"components":[]}},"old_price":{"amount":"470","currency_code":"EUR","data":{"components":[]}}},"size":"28,8 g","status":"1","stock":101,"vat_rate":"fi_intermediate","volume":{"length":"12.00000","width":"8.00000","height":"7.00000","unit":"cm"},"weight":{"weight":"70.50000","unit":"g"},"product_category":"21176","suppliers":[],"seasonal_themes":[]}],"published":"1597139985","status":"1","sticky":"0","tags":["10941","24741"]},{"id":387761,"label":"Luomu Chai Tee ","self":"https://api.matsmart.se/api/v1.0/product-displays/387761","brand":"23996","brand_name":"Four oClock","categories":["14496"],"created":"1566117107","alias":"luomu-chai-tee","exclude_from_list":false,"product_info":"Reilun kaupan luomu valkoinen chai-tee.","market":"FI","products":[{"id":"93796","label":"Fou Vitt Chai, Eko Fairtrade 6x16p 16pcs EKO","self":"https://api.matsmart.se/api/v1.0/products/93796","best_before":"1677538800","product_contents":[{"id":"379056","self":"https://cdn4.matsmart.se/sites/se/files/product_contents/fou_vitt_chai_eko_fairtrade_6x16p_16pcs_ekoinnehall.jpg","filemime":"image/jpeg","filesize":"495783","width":"800","height":"800","styles":""}],"sku":"MS113828","gtin":"0779192402403","images":[{"id":"379051","self":"https://cdn4.matsmart.se/sites/se/files/products/fou_vitt_chai_eko_fairtrade_6x16p_16pcs_eko_.jpg","filemime":"image/jpeg","filesize":"345214","width":"800","height":"800","styles":{"product_full":"https://cdn4.matsmart.se/sites/se/files/styles/product_full/public/products/fou_vitt_chai_eko_fairtrade_6x16p_16pcs_eko_.jpg?itok=ig4Df_ae","product_full_2x":"https://cdn4.matsmart.se/sites/se/files/styles/product_full_2x/public/products/fou_vitt_chai_eko_fairtrade_6x16p_16pcs_eko_.jpg?itok=DolU9zHY","product_teaser":"https://cdn4.matsmart.se/sites/se/files/styles/product_teaser/public/products/fou_vitt_chai_eko_fairtrade_6x16p_16pcs_eko_.jpg?itok=7NewsWtl","product_teaser_2x":"https://cdn4.matsmart.se/sites/se/files/styles/product_teaser_2x/public/products/fou_vitt_chai_eko_fairtrade_6x16p_16pcs_eko_.jpg?itok=4MzhH3oS","product_zoom":"https://cdn4.matsmart.se/sites/se/files/styles/product_zoom/public/products/fou_vitt_chai_eko_fairtrade_6x16p_16pcs_eko_.jpg?itok=EFY1O8v-"}}],"max_purchase":"","prices":{"comparison_price":"93,44 €/kg","price":{"amount":"299","currency_code":"EUR","data":{"components":[]}},"old_price":{"amount":"470","currency_code":"EUR","data":{"components":[]}}},"size":"32g","status":"1","stock":101,"vat_rate":"fi_intermediate","volume":{"length":"12.00000","width":"8.00000","height":"7.00000","unit":"cm"},"weight":{"weight":"76.00000","unit":"g"},"product_category":"21176","suppliers":[],"seasonal_themes":[]}],"published":"1597130924","status":"1","sticky":"0","tags":["10941","24741"]},{"id":387866,"label":"Luomu Vihreä Tee Inkivääri & Kookos","self":"https://api.matsmart.se/api/v1.0/product-displays/387866","brand":"23996","brand_name":"Four oClock","categories":["14496"],"created":"1565506291","alias":"luomu-vihrea-tee-inkivaari-kookos","exclude_from_list":false,"product_info":"Inkiväärin ja kookoksen makuinen luomu vihreä tee.","market":"FI","products":[{"id":"93831","label":"Fou Grönt te Kokos Ingefära, Eko Fairtrade  6x16p 16pcs EKO","self":"https://api.matsmart.se/api/v1.0/products/93831","best_before":"1638226800","product_contents":[{"id":"379791","self":"https://cdn4.matsmart.se/sites/se/files/product_contents/fou_gront_te_kokos_ingefara_eko_fairtrade_16p_ekoinnehall.jpg","filemime":"image/jpeg","filesize":"502285","width":"800","height":"800","styles":""}],"sku":"MS113835","gtin":"0779192402731","images":[{"id":"379786","self":"https://cdn4.matsmart.se/sites/se/files/products/fou_gront_te_kokos_ingefara_eko_fairtrade_16p_eko.jpg","filemime":"image/jpeg","filesize":"372553","width":"800","height":"800","styles":{"product_full":"https://cdn4.matsmart.se/sites/se/files/styles/product_full/public/products/fou_gront_te_kokos_ingefara_eko_fairtrade_16p_eko.jpg?itok=YKdCZlWZ","product_full_2x":"https://cdn4.matsmart.se/sites/se/files/styles/product_full_2x/public/products/fou_gront_te_kokos_ingefara_eko_fairtrade_16p_eko.jpg?itok=LeJPr7Ta","product_teaser":"https://cdn4.matsmart.se/sites/se/files/styles/product_teaser/public/products/fou_gront_te_kokos_ingefara_eko_fairtrade_16p_eko.jpg?itok=MsFOtXHj","product_teaser_2x":"https://cdn4.matsmart.se/sites/se/files/styles/product_teaser_2x/public/products/fou_gront_te_kokos_ingefara_eko_fairtrade_16p_eko.jpg?itok=K3K4baPH","product_zoom":"https://cdn4.matsmart.se/sites/se/files/styles/product_zoom/public/products/fou_gront_te_kokos_ingefara_eko_fairtrade_16p_eko.jpg?itok=eskDDHA5"}}],"max_purchase":"","prices":{"comparison_price":"103,82 €/kg","price":{"amount":"299","currency_code":"EUR","data":{"components":[]}},"old_price":{"amount":"470","currency_code":"EUR","data":{"components":[]}}},"size":"28,8 g","status":"1","stock":101,"vat_rate":"fi_intermediate","volume":{"length":"12.00000","width":"8.00000","height":"7.00000","unit":"cm"},"weight":{"weight":"70.00000","unit":"g"},"product_category":"21176","suppliers":[],"seasonal_themes":[]}],"published":"1597128691","status":"1","sticky":"0","tags":["10941","24741"]},{"id":387821,"label":"Luomu English Breakfast Tee","self":"https://api.matsmart.se/api/v1.0/product-displays/387821","brand":"23996","brand_name":"Four oClock","categories":["14496"],"created":"1565506085","alias":"luomu-english-breakfast-tee","exclude_from_list":false,"product_info":"Reilun kaupan luomu english breakfast tee.","market":"FI","products":[{"id":"93816","label":"Fou English Breakfast, Eko Fairtrade 6x16p 16pcs EKO","self":"https://api.matsmart.se/api/v1.0/products/93816","best_before":"1672354800","product_contents":[{"id":"379811","self":"https://cdn4.matsmart.se/sites/se/files/product_contents/fou_english_breakfast_eko_fairtrade_16p_ekoinnehall.jpg","filemime":"image/jpeg","filesize":"531037","width":"800","height":"800","styles":""}],"sku":"MS113832","gtin":"0779192402564","images":[{"id":"379806","self":"https://cdn4.matsmart.se/sites/se/files/products/fou_english_breakfast_eko_fairtrade_16p_eko_.jpg","filemime":"image/jpeg","filesize":"330360","width":"800","height":"800","styles":{"product_full":"https://cdn4.matsmart.se/sites/se/files/styles/product_full/public/products/fou_english_breakfast_eko_fairtrade_16p_eko_.jpg?itok=PVOz8lTL","product_full_2x":"https://cdn4.matsmart.se/sites/se/files/styles/product_full_2x/public/products/fou_english_breakfast_eko_fairtrade_16p_eko_.jpg?itok=yJvj4EyI","product_teaser":"https://cdn4.matsmart.se/sites/se/files/styles/product_teaser/public/products/fou_english_breakfast_eko_fairtrade_16p_eko_.jpg?itok=yEINfc6-","product_teaser_2x":"https://cdn4.matsmart.se/sites/se/files/styles/product_teaser_2x/public/products/fou_english_breakfast_eko_fairtrade_16p_eko_.jpg?itok=8N7AErQ-","product_zoom":"https://cdn4.matsmart.se/sites/se/files/styles/product_zoom/public/products/fou_english_breakfast_eko_fairtrade_16p_eko_.jpg?itok=tGvTtbVG"}}],"max_purchase":"","prices":{"comparison_price":"93,44 €/kg","price":{"amount":"299","currency_code":"EUR","data":{"components":[]}},"old_price":{"amount":"470","currency_code":"EUR","data":{"components":[]}}},"size":"32 g","status":"1","stock":101,"vat_rate":"fi_intermediate","volume":{"length":"12.00000","width":"8.00000","height":"7.00000","unit":"cm"},"weight":{"weight":"77.00000","unit":"g"},"product_category":"21176","suppliers":[],"seasonal_themes":[]}],"published":"1597128485","status":"1","sticky":"0","tags":["10941"]}]},"tagProductDisplays":{},"brandProductDisplays":{},"newestProductDisplays":[],"bestBeforeProductDisplays":[],"productDisplaysNetworkState":"SUCCESS","productDisplaysNetworkError":null,"singleProductDisplayNetworkState":"SUCCESS","singleProductDisplayNetworkError":null,"viewMode":"grid2","sortOrder":"default","filter":"default"},"cartState":{"cart":{},"cartIsOpen":false,"cartNetworkState":"WAITING","cartNetworkError":null,"addToCartNetworkState":"WAITING","addToCartNetworkError":null,"openCartOnStartScreen":false},"checkoutState":{"checkout":{},"checkoutNetworkState":"WAITING","checkoutNetworkError":null,"checkoutPaymentConfirmationNetworkState":"WAITING","checkoutPaymentConfirmationNetworkError":null,"postalCodeNetworkState":"WAITING","postalCodeNetworkError":null,"klarnaPostalCode":null,"checkoutBackButtonTargetsStartPage":true},"apiTokenState":{"apiTokenNetworkState":"WAITING","apiTokenNetworkError":null},"favoriteState":{"favorites":[],"favoriteProductDisplays":[],"favoriteLists":[],"favoritesNetworkState":"WAITING","favoritesNetworkError":null,"favoriteListsNetworkState":"WAITING","favoriteListsNetworkError":null},"flashMessageState":{"visible":false,"message":"","messageType":"INFO"},"userState":{"user":{},"loggedInUser":{},"userNetworkState":"WAITING","userNetworkError":null},"serverEnvState":{"variables":{"REACT_APP_CONTENTFUL_HOST":"cdn.contentful.com","REACT_APP_ROLLBAR_ACCESS_TOKEN":"88d6274325f84d9cbd4ade0d919d3a9f","REACT_APP_RECAPTCHA_SITE_KEY":"6Lda12wUAAAAAE_D-gRf3-VGAyKrzyroqqDXAfZI","REACT_APP_ENABLE_FINDIFY_ANALYTICS":"true","REACT_APP_THEME":"motatos","REACT_APP_CONTENTFUL_SPACE":"7k9ym4r9m5r2","REACT_APP_MARKET":"FI","REACT_APP_CONTENTFUL_ACCESS_TOKEN":"676b3de4c56fa096f0a368a44cc6f60ef27a86440474b3b77a88ba4bf4047b6a","REACT_APP_FINDIFY_KEY":"63946f89-2a82-4839-a412-883b79144f7b","REACT_APP_ROLLBAR_ENVIRONMENT":"production","REACT_APP_API_BASE_URL":"https://api.matsmart.se/api","REACT_APP_GTM_ID":"GTM-KFZQSJL"}},"routeState":{"routes":[{"alias":"musta-tee-50kpl","id":"357446","language":"fi","resource":"product-displays"},{"alias":"kahvit-teet","id":"14496","language":"und","resource":"categories"},{"alias":"kahvi-fika","id":"337001","language":"fi","resource":"product-displays"},{"alias":"suodatinkahvi-colombia-brazil","id":"354801","language":"fi","resource":"product-displays"},{"alias":"nordqvist-teejoulukalenteri","id":"428541","language":"fi","resource":"product-displays"},{"alias":"maitokapselit-crema-latte-16kpl","id":"361361","language":"fi","resource":"product-displays"},{"alias":"yrttitee-detox","id":"172456","language":"fi","resource":"product-displays"},{"alias":"pikakahvi-oat-latte","id":"425276","language":"fi","resource":"product-displays"},{"alias":"pikakahvi-almond-latte","id":"425261","language":"fi","resource":"product-displays"},{"alias":"kahvipavut-forza","id":"202086","language":"fi","resource":"product-displays"},{"alias":"kahvipavut-skanerost","id":"176846","language":"fi","resource":"product-displays"},{"alias":"kahvipavut-mezzo","id":"176831","language":"fi","resource":"product-displays"},{"alias":"suodatinkahvi-kasenga","id":"189031","language":"fi","resource":"product-displays"},{"alias":"lipton-jaateejuomajauhe-persikka","id":"405211","language":"fi","resource":"product-displays"},{"alias":"luomu-vihrea-tee-0","id":"387836","language":"fi","resource":"product-displays"},{"alias":"suodatinkahvi-professional","id":"392456","language":"fi","resource":"product-displays"},{"alias":"pikakahvi-sumatra","id":"384426","language":"fi","resource":"product-displays"},{"alias":"luomu-tee-lakritsi","id":"377946","language":"fi","resource":"product-displays"},{"alias":"luomu-tee-sweet-dreams","id":"377976","language":"fi","resource":"product-displays"},{"alias":"suodatinkahvi-butembo","id":"351291","language":"fi","resource":"product-displays"},{"alias":"teejuomajauhe-sitruuna","id":"368291","language":"fi","resource":"product-displays"},{"alias":"kahvipavut-kasenga","id":"197126","language":"fi","resource":"product-displays"},{"alias":"juomajauhe-latte-turmeric-gold","id":"356201","language":"fi","resource":"product-displays"},{"alias":"juomajauhe-ginger-joy","id":"356231","language":"fi","resource":"product-displays"},{"alias":"luomu-espresso-kahvipavut","id":"319911","language":"fi","resource":"product-displays"},{"alias":"suodatinkahvi-minova","id":"351306","language":"fi","resource":"product-displays"},{"alias":"suodatinkahvi-okapi","id":"189016","language":"fi","resource":"product-displays"},{"alias":"luomu-musta-tee","id":"387626","language":"fi","resource":"product-displays"},{"alias":"luomu-vihrea-rooibos-tee","id":"387641","language":"fi","resource":"product-displays"},{"alias":"luomu-vihrea-chai","id":"387671","language":"fi","resource":"product-displays"},{"alias":"maustettu-tee-zen-hetki","id":"367611","language":"fi","resource":"product-displays"},{"alias":"luomu-tee-granaattiomena-echinacea","id":"387686","language":"fi","resource":"product-displays"},{"alias":"luomu-chai-tee","id":"387761","language":"fi","resource":"product-displays"},{"alias":"luomu-vihrea-tee-inkivaari-kookos","id":"387866","language":"fi","resource":"product-displays"},{"alias":"luomu-english-breakfast-tee","id":"387821","language":"fi","resource":"product-displays"},null,{"alias":"ruokakomero-0","id":"14471","language":"und","resource":"categories"},{"alias":"liikunta-painonhallinta","id":"14551","language":"und","resource":"categories"},{"alias":"naposteltavat-makeiset","id":"14571","language":"und","resource":"categories"},{"alias":"juomat-0","id":"14601","language":"und","resource":"categories"},{"alias":"leivat-kakut-keksit-0","id":"14526","language":"und","resource":"categories"},{"alias":"lapset-0","id":"14631","language":"und","resource":"categories"},{"alias":"lemmikkielaimet-0","id":"14641","language":"und","resource":"categories"},{"alias":"hygienia-apteekki","id":"14646","language":"und","resource":"categories"},{"alias":"koti-siivous","id":"14671","language":"und","resource":"categories"},{"alias":"luomu","id":"10941","language":"und","resource":"tags"},{"alias":"gluteenittomat","id":"10951","language":"und","resource":"tags"},{"alias":"suurpakkaukset-0","id":"14531","language":"und","resource":"categories"},{"alias":"lipton","id":"203","language":"und","resource":"brands"}],"routesDict":{"musta-tee-50kpl":{"alias":"musta-tee-50kpl","id":"357446","language":"fi","resource":"product-displays"},"kahvit-teet":{"alias":"kahvit-teet","id":"14496","language":"und","resource":"categories"},"kahvi-fika":{"alias":"kahvi-fika","id":"337001","language":"fi","resource":"product-displays"},"suodatinkahvi-colombia-brazil":{"alias":"suodatinkahvi-colombia-brazil","id":"354801","language":"fi","resource":"product-displays"},"nordqvist-teejoulukalenteri":{"alias":"nordqvist-teejoulukalenteri","id":"428541","language":"fi","resource":"product-displays"},"maitokapselit-crema-latte-16kpl":{"alias":"maitokapselit-crema-latte-16kpl","id":"361361","language":"fi","resource":"product-displays"},"yrttitee-detox":{"alias":"yrttitee-detox","id":"172456","language":"fi","resource":"product-displays"},"pikakahvi-oat-latte":{"alias":"pikakahvi-oat-latte","id":"425276","language":"fi","resource":"product-displays"},"pikakahvi-almond-latte":{"alias":"pikakahvi-almond-latte","id":"425261","language":"fi","resource":"product-displays"},"kahvipavut-forza":{"alias":"kahvipavut-forza","id":"202086","language":"fi","resource":"product-displays"},"kahvipavut-skanerost":{"alias":"kahvipavut-skanerost","id":"176846","language":"fi","resource":"product-displays"},"kahvipavut-mezzo":{"alias":"kahvipavut-mezzo","id":"176831","language":"fi","resource":"product-displays"},"suodatinkahvi-kasenga":{"alias":"suodatinkahvi-kasenga","id":"189031","language":"fi","resource":"product-displays"},"lipton-jaateejuomajauhe-persikka":{"alias":"lipton-jaateejuomajauhe-persikka","id":"405211","language":"fi","resource":"product-displays"},"luomu-vihrea-tee-0":{"alias":"luomu-vihrea-tee-0","id":"387836","language":"fi","resource":"product-displays"},"suodatinkahvi-professional":{"alias":"suodatinkahvi-professional","id":"392456","language":"fi","resource":"product-displays"},"pikakahvi-sumatra":{"alias":"pikakahvi-sumatra","id":"384426","language":"fi","resource":"product-displays"},"luomu-tee-lakritsi":{"alias":"luomu-tee-lakritsi","id":"377946","language":"fi","resource":"product-displays"},"luomu-tee-sweet-dreams":{"alias":"luomu-tee-sweet-dreams","id":"377976","language":"fi","resource":"product-displays"},"suodatinkahvi-butembo":{"alias":"suodatinkahvi-butembo","id":"351291","language":"fi","resource":"product-displays"},"teejuomajauhe-sitruuna":{"alias":"teejuomajauhe-sitruuna","id":"368291","language":"fi","resource":"product-displays"},"kahvipavut-kasenga":{"alias":"kahvipavut-kasenga","id":"197126","language":"fi","resource":"product-displays"},"juomajauhe-latte-turmeric-gold":{"alias":"juomajauhe-latte-turmeric-gold","id":"356201","language":"fi","resource":"product-displays"},"juomajauhe-ginger-joy":{"alias":"juomajauhe-ginger-joy","id":"356231","language":"fi","resource":"product-displays"},"luomu-espresso-kahvipavut":{"alias":"luomu-espresso-kahvipavut","id":"319911","language":"fi","resource":"product-displays"},"suodatinkahvi-minova":{"alias":"suodatinkahvi-minova","id":"351306","language":"fi","resource":"product-displays"},"suodatinkahvi-okapi":{"alias":"suodatinkahvi-okapi","id":"189016","language":"fi","resource":"product-displays"},"luomu-musta-tee":{"alias":"luomu-musta-tee","id":"387626","language":"fi","resource":"product-displays"},"luomu-vihrea-rooibos-tee":{"alias":"luomu-vihrea-rooibos-tee","id":"387641","language":"fi","resource":"product-displays"},"luomu-vihrea-chai":{"alias":"luomu-vihrea-chai","id":"387671","language":"fi","resource":"product-displays"},"maustettu-tee-zen-hetki":{"alias":"maustettu-tee-zen-hetki","id":"367611","language":"fi","resource":"product-displays"},"luomu-tee-granaattiomena-echinacea":{"alias":"luomu-tee-granaattiomena-echinacea","id":"387686","language":"fi","resource":"product-displays"},"luomu-chai-tee":{"alias":"luomu-chai-tee","id":"387761","language":"fi","resource":"product-displays"},"luomu-vihrea-tee-inkivaari-kookos":{"alias":"luomu-vihrea-tee-inkivaari-kookos","id":"387866","language":"fi","resource":"product-displays"},"luomu-english-breakfast-tee":{"alias":"luomu-english-breakfast-tee","id":"387821","language":"fi","resource":"product-displays"},"ruokakomero-0":{"alias":"ruokakomero-0","id":"14471","language":"und","resource":"categories"},"liikunta-painonhallinta":{"alias":"liikunta-painonhallinta","id":"14551","language":"und","resource":"categories"},"naposteltavat-makeiset":{"alias":"naposteltavat-makeiset","id":"14571","language":"und","resource":"categories"},"juomat-0":{"alias":"juomat-0","id":"14601","language":"und","resource":"categories"},"leivat-kakut-keksit-0":{"alias":"leivat-kakut-keksit-0","id":"14526","language":"und","resource":"categories"},"lapset-0":{"alias":"lapset-0","id":"14631","language":"und","resource":"categories"},"lemmikkielaimet-0":{"alias":"lemmikkielaimet-0","id":"14641","language":"und","resource":"categories"},"hygienia-apteekki":{"alias":"hygienia-apteekki","id":"14646","language":"und","resource":"categories"},"koti-siivous":{"alias":"koti-siivous","id":"14671","language":"und","resource":"categories"},"luomu":{"alias":"luomu","id":"10941","language":"und","resource":"tags"},"gluteenittomat":{"alias":"gluteenittomat","id":"10951","language":"und","resource":"tags"},"suurpakkaukset-0":{"alias":"suurpakkaukset-0","id":"14531","language":"und","resource":"categories"},"lipton":{"alias":"lipton","id":"203","language":"und","resource":"brands"}},"reverseRoutesDict":{"product-displays-357446":{"alias":"musta-tee-50kpl","id":"357446","language":"fi","resource":"product-displays"},"categories-14496":{"alias":"kahvit-teet","id":"14496","language":"und","resource":"categories"},"product-displays-337001":{"alias":"kahvi-fika","id":"337001","language":"fi","resource":"product-displays"},"product-displays-354801":{"alias":"suodatinkahvi-colombia-brazil","id":"354801","language":"fi","resource":"product-displays"},"product-displays-428541":{"alias":"nordqvist-teejoulukalenteri","id":"428541","language":"fi","resource":"product-displays"},"product-displays-361361":{"alias":"maitokapselit-crema-latte-16kpl","id":"361361","language":"fi","resource":"product-displays"},"product-displays-172456":{"alias":"yrttitee-detox","id":"172456","language":"fi","resource":"product-displays"},"product-displays-425276":{"alias":"pikakahvi-oat-latte","id":"425276","language":"fi","resource":"product-displays"},"product-displays-425261":{"alias":"pikakahvi-almond-latte","id":"425261","language":"fi","resource":"product-displays"},"product-displays-202086":{"alias":"kahvipavut-forza","id":"202086","language":"fi","resource":"product-displays"},"product-displays-176846":{"alias":"kahvipavut-skanerost","id":"176846","language":"fi","resource":"product-displays"},"product-displays-176831":{"alias":"kahvipavut-mezzo","id":"176831","language":"fi","resource":"product-displays"},"product-displays-189031":{"alias":"suodatinkahvi-kasenga","id":"189031","language":"fi","resource":"product-displays"},"product-displays-405211":{"alias":"lipton-jaateejuomajauhe-persikka","id":"405211","language":"fi","resource":"product-displays"},"product-displays-387836":{"alias":"luomu-vihrea-tee-0","id":"387836","language":"fi","resource":"product-displays"},"product-displays-392456":{"alias":"suodatinkahvi-professional","id":"392456","language":"fi","resource":"product-displays"},"product-displays-384426":{"alias":"pikakahvi-sumatra","id":"384426","language":"fi","resource":"product-displays"},"product-displays-377946":{"alias":"luomu-tee-lakritsi","id":"377946","language":"fi","resource":"product-displays"},"product-displays-377976":{"alias":"luomu-tee-sweet-dreams","id":"377976","language":"fi","resource":"product-displays"},"product-displays-351291":{"alias":"suodatinkahvi-butembo","id":"351291","language":"fi","resource":"product-displays"},"product-displays-368291":{"alias":"teejuomajauhe-sitruuna","id":"368291","language":"fi","resource":"product-displays"},"product-displays-197126":{"alias":"kahvipavut-kasenga","id":"197126","language":"fi","resource":"product-displays"},"product-displays-356201":{"alias":"juomajauhe-latte-turmeric-gold","id":"356201","language":"fi","resource":"product-displays"},"product-displays-356231":{"alias":"juomajauhe-ginger-joy","id":"356231","language":"fi","resource":"product-displays"},"product-displays-319911":{"alias":"luomu-espresso-kahvipavut","id":"319911","language":"fi","resource":"product-displays"},"product-displays-351306":{"alias":"suodatinkahvi-minova","id":"351306","language":"fi","resource":"product-displays"},"product-displays-189016":{"alias":"suodatinkahvi-okapi","id":"189016","language":"fi","resource":"product-displays"},"product-displays-387626":{"alias":"luomu-musta-tee","id":"387626","language":"fi","resource":"product-displays"},"product-displays-387641":{"alias":"luomu-vihrea-rooibos-tee","id":"387641","language":"fi","resource":"product-displays"},"product-displays-387671":{"alias":"luomu-vihrea-chai","id":"387671","language":"fi","resource":"product-displays"},"product-displays-367611":{"alias":"maustettu-tee-zen-hetki","id":"367611","language":"fi","resource":"product-displays"},"product-displays-387686":{"alias":"luomu-tee-granaattiomena-echinacea","id":"387686","language":"fi","resource":"product-displays"},"product-displays-387761":{"alias":"luomu-chai-tee","id":"387761","language":"fi","resource":"product-displays"},"product-displays-387866":{"alias":"luomu-vihrea-tee-inkivaari-kookos","id":"387866","language":"fi","resource":"product-displays"},"product-displays-387821":{"alias":"luomu-english-breakfast-tee","id":"387821","language":"fi","resource":"product-displays"},"categories-14471":{"alias":"ruokakomero-0","id":"14471","language":"und","resource":"categories"},"categories-14551":{"alias":"liikunta-painonhallinta","id":"14551","language":"und","resource":"categories"},"categories-14571":{"alias":"naposteltavat-makeiset","id":"14571","language":"und","resource":"categories"},"categories-14601":{"alias":"juomat-0","id":"14601","language":"und","resource":"categories"},"categories-14526":{"alias":"leivat-kakut-keksit-0","id":"14526","language":"und","resource":"categories"},"categories-14631":{"alias":"lapset-0","id":"14631","language":"und","resource":"categories"},"categories-14641":{"alias":"lemmikkielaimet-0","id":"14641","language":"und","resource":"categories"},"categories-14646":{"alias":"hygienia-apteekki","id":"14646","language":"und","resource":"categories"},"categories-14671":{"alias":"koti-siivous","id":"14671","language":"und","resource":"categories"},"tags-10941":{"alias":"luomu","id":"10941","language":"und","resource":"tags"},"tags-10951":{"alias":"gluteenittomat","id":"10951","language":"und","resource":"tags"},"categories-14531":{"alias":"suurpakkaukset-0","id":"14531","language":"und","resource":"categories"},"brands-203":{"alias":"lipton","id":"203","language":"und","resource":"brands"}},"routesNetworkState":"SUCCESS","routesNetworkError":null},"footerState":{"footer":{"menus":[{"title":"Matsmart made simple","links":[{"title":"Näin Matsmart toimii","href":"/nain-matsmart-toimii"},{"title":"Matsmartin visio","href":"/info/matsmartin-visio"},{"title":"Toimitus","href":"/info/toimitus"},{"title":"Usein kysytyt kysymykset","href":"/asiakaspalvelu"},{"title":"Liity Matsmartin yhteisöön","href":"/info/matsmart-community"}]},{"title":"The Fine print","links":[{"title":"Mistä kaikki sai alkunsa","href":"/info/matsmart-pelastustehtavissa-vuodesta-2014-asti"},{"title":"Evästeet","href":"/info/evasteet"},{"title":"Tietosuojakäytäntö","href":"/info/tietosuojakaytanto"},{"title":"Sopimusehdot","href":"/info/sopimusehdot"}]},{"title":"Join Matsmart","links":[{"title":"Uutiskirje","href":"/uutiskirje"},{"title":"Tavarantoimittajille","href":"/info/tavarantoimittajille"},{"title":"Liity tiimiin","href":"https://people.matsmart.se/"},{"title":"Medialle","href":"https://www.mynewsdesk.com/fi/matsmart"}]}],"contactLinks":[{"title":"Ota yhteyttä","url":"/asiakaspalvelu","icon":"email"},{"title":"09 4245 2972 (ma-pe klo 10-16)","url":"tel:0942452972","icon":"phone"},{"title":"Asiakaspalvelu","url":"https://www.matsmart.fi/asiakaspalvelu","icon":"customer-support"}]},"footerNetworkState":"SUCCESS","footerNetworkError":null},"contentState":{"contentPage":{},"contentPageNetworkState":"WAITING","contentPageNetworkError":null,"articlePage":{},"articlePageNetworkState":"WAITING","articlePageNetworkError":null,"fullWidthPage":{},"fullWidthPageNetworkState":"WAITING","fullWidthPageNetworkError":null,"slideShow":{},"slideShowNetworkState":"WAITING","slideShowNetworkError":null,"frontPage":{},"frontPageNetworkState":"WAITING","frontPageNetworkError":null,"flashSale":{},"flashSaleNetworkState":"WAITING","flashSaleNetworkError":null,"menuContent":{"top":[{"title":"Uusimmat","url":"https://www.matsmart.fi/uusimmat","icon":"msi star","alias":"uusimmat"},{"title":"Nämä viedään käsistä","url":"https://www.matsmart.fi/nama-viedaan-kasista","icon":"msi lifesaver","alias":"nama-viedaan-kasista"}],"shoppingAreaDropdownTitle":"Kuuminta hottia","shoppingAreas":[{},{"title":"VALMIINA SYKSYYN","slug":"valmiina-syksyyn","metaImage":"//images.ctfassets.net/7k9ym4r9m5r2/365TdqRjYyL5x4rhPZ3IyF/6487e6bf6204e7e47a1a0f03def94afc/1200x628_OpenGraph-META_PierreRobert_SE.jpg","description":"Upea valikoima tyylikkäitä Pierre Robert -tuotteita syksyyn nyt huippuhintaan! Valikoimasta löytyy syyspukeutumisen kulmakivet koko perheelle. Älä enää suotta palele syystuiskussa, vaan nappaa suosikit ostoskoriisi.","image":"//images.ctfassets.net/7k9ym4r9m5r2/2O6MkgOkkTbYBrVhD42MaA/527781ce7071711730270ae0dfe90700/1916x1412px_BG-IMG_PierreRobert_SE.jpg","splashImage":"//images.ctfassets.net/7k9ym4r9m5r2/2uuiHly1cLA19cxO2Qf1j1/2c52c40ad36b1959e5d1a684c03a1014/520x520px_Splash__Pierre_Robert_FI.png","landingPageHeader":null,"color":"yellow","headerDescriptionColor":"default","ctaCopy":"Tsekkaa valikoima","pushDescription":"Klassikot Pierre Robertilta nyt huippuhintaan! ","blocks":[{"title":"Pierre Robert","isBanner":false,"productBlock":{"type":"tags","termId":"24946","isSimple":false}},{"title":"Havi","isBanner":false,"productBlock":{"type":"tags","termId":"24706","isSimple":true}},{"title":"Kuumia Juotavia","isBanner":false,"productBlock":{"type":"tags","termId":"24741","isSimple":true}}],"bottomBlocks":false},{"title":"KEITTIÖ­TARVIKKEET","slug":"keittiotarvikkeet","metaImage":"//images.ctfassets.net/7k9ym4r9m5r2/5cT1oqV5qwgzwcu6a4kTTP/ddddff9d687bce67d607524aa5ca085c/1200x628_OpenGraph-META_Mastermark-Magisso_FI.jpg","description":"Keittiötarvikkeita edullisesti arjen apureiksi nyt poistohintaan! Pelasta kanssamme laadukkaat tuotteet tarjoiluun ja ruuan valmistukseen. Alta löydät valikoiman käytännöllisiä ja kestäviä keittiötarvikeita, jotka myös näyttävät upeilta. Tuotteita vain rajoitettu erä, joten toimi nopeasti!","image":"//images.ctfassets.net/7k9ym4r9m5r2/2mUfHZU2oOEmvG29eCSw0G/a632aa63f1f544581c14d2ed9611982e/1916x1412px_BG-IMG_Mastermark-Magisso_FI.jpg","splashImage":"//images.ctfassets.net/7k9ym4r9m5r2/1RrlUA9z0wvUekNfvKYK3m/6ab03bb90a5603f990f4b5cbba895d21/520x520px_Splash_Mastermark-Magisso_FI.png","landingPageHeader":null,"color":"pink","headerDescriptionColor":"dark-blue","ctaCopy":"Tsekkaa valikoima","pushDescription":"Tilaa laadukkaat tuotteet tarjoiluun ja ruuan valmistukseen!","blocks":[{"title":"Keittiötarvikkeet","isBanner":false,"productBlock":{"type":"tags","termId":"25126","isSimple":false}},{"title":"Leivonta & Jälkiruoat","isBanner":false,"productBlock":{"type":"categories","termId":"14521","isSimple":true}},{"title":"KLIKKAA KUVAA JA NAPPAA SYKSYINEN HÄVIKKIRESEPTI!","showTitle":true,"isBanner":false},{"title":"Kuva omenapiirakka","showTitle":false,"isBanner":false,"imageBlock":[{"src":"//images.ctfassets.net/7k9ym4r9m5r2/6INedxMd8MX8CzXLCNsx1A/09815385ddc48ca7152123da4a563b7d/omenapiirakka.jpg","link":"https://www.matsmart.fi/magazine/omenapiirakka-havikkityyliin","title":"omenapiirakka","body":"https://www.matsmart.fi/magazine/omenapiirakka-havikkityyliin"}]},{"title":"Mehut & Smoothiet","isBanner":false,"productBlock":{"type":"categories","termId":"22096","isSimple":true}},{"title":"Siivous","isBanner":false,"productBlock":{"type":"categories","termId":"25051","isSimple":true}},{"title":"Uutena asiakkaana 10%:n lisäale koodilla SYKSYHÄVIKKI","subtitle":"Saat siis 10%* alennuksen koodilla: SYKSYHÄVIKKI. Lisää koodi kassalla ostoskoriisi kohdassa \"Lisää alennuskoodi\".","smallText":"*Koodi koskee uusia Matsmart asiakkaita, kun tilauksen tuotteien minimisumma on vähintään 45 €. Max 1 koodi per asiakas, voim. jopa 30.11.","isBanner":true}],"bottomBlocks":false},{"title":"PELASTA MEIDÄT!","slug":"pelasta-meidat2","metaImage":"//images.ctfassets.net/7k9ym4r9m5r2/3eGT1YvKYbyHxgYTEYnMbe/705547394912906c53c8b6747ef54e18/1200x628_OpenGraph-META_R__dda_oss_FI.jpg","image":"//images.ctfassets.net/7k9ym4r9m5r2/2NsHj4I6icGkf8jl4f2Dcb/cecb79e5dcaf6e6f0544862f3a3ccc0a/1916x1412px_BG-IMG_R__dda_oss_FI.jpg","splashImage":"//images.ctfassets.net/7k9ym4r9m5r2/7fxIg3duEYC5c4pRGm5W1A/1e0fa3744440b269a7af54e8fb7ed30e/520x520px_Splash_R__dda_oss_FI.png","landingPageHeader":null,"color":"red","headerDescriptionColor":"yellow","ctaCopy":"Tsekkaa valikoima","blocks":[{"title":"Pelasta Meidät","isBanner":false,"productBlock":{"type":"tags","termId":"24476","isSimple":false}}],"bottomBlocks":false},{"title":"TUNNELMAA KOTIIN","slug":"tunnelmaa-kotiin","metaImage":"//images.ctfassets.net/7k9ym4r9m5r2/6nYNPWlgSHA7sPl0w8bV33/8a288c714a22446e8e1e98b03fb712b7/1200x628_OpenGraph-META_Havi_Ny_Bild_FI.jpg","image":"//images.ctfassets.net/7k9ym4r9m5r2/5wOmgzctnkcNVgQNEiPUrq/b4e38f3920e3fbb11482078635c93e22/1916x1412px_BG-IMG_Havi_Ny_Bild_FI.jpg","splashImage":"//images.ctfassets.net/7k9ym4r9m5r2/66R81a0NfKlU9eyYa2UGPQ/6ee748fb20589145784b0e103e22e553/520x520px_Splash_Produktkampanj_Panda_FI.png","landingPageHeader":null,"color":"yellow","headerDescriptionColor":"dark-blue","ctaCopy":"Tsekkaa valikoima","pushDescription":"Nappaa kynttilät ja lautasliinat tuomaan tunnelmaa syksyisiin ruokailuhetkiin!","blocks":[{"title":"Valoa ja tunnelmaa pimeneviin iltoihin...","showTitle":true,"body":"Hei kaikki matsmartilaiset – tunnelmalliset illat lähestyvät ja mikä olisikaan parempaa, kun nauttia niistä sankaritekojen myötä!\n\nAlta löydät inspiraatiota ja tuotteita jotka kaipaava juuri SINUN apuasi. \u003c3\n\nEi muuta, kun sankarin viitta ylle ja pelastamaan takuuvarmat suosikit pimeneviin iltoihin!","isBanner":false},{"title":"Uutena asiakkaana 10%:n lisäale koodilla SYKSYHÄVIKKI","subtitle":"Saat siis 10%* alennuksen koodilla: SYKSYHÄVIKKI. Lisää koodi kassalla ostoskoriisi kohdassa \"Lisää alennuskoodi\".","smallText":"*Koodi koskee uusia Matsmart asiakkaita, kun tilauksen tuotteien minimisumma on vähintään 45 €. Max 1 koodi per asiakas, voim. jopa 30.11.","isBanner":true},{"title":"Havi","isBanner":false,"productBlock":{"type":"tags","termId":"24706","isSimple":false}},{"title":"Rocky Road hävikkityyliin","showTitle":true,"body":"Klikkaa kuvaa ja inspiroidu!","isBanner":false},{"title":"rocky road kuva","showTitle":false,"isBanner":false,"imageBlock":[{"src":"//images.ctfassets.net/7k9ym4r9m5r2/2dX3iCTUlFV61nhb5W1QOJ/627639a926f9dcd04efe3ccae969ec6a/Rocky_road.jpg","link":"https://www.matsmart.fi/magazine/rocky-road-havikkia-hyodyntaen","title":"Rocky road","body":"https://www.matsmart.fi/magazine/rocky-road-havikkia-hyodyntaen"}]},{"title":"Kuumia Juotavia","isBanner":false,"productBlock":{"type":"tags","termId":"24741","isSimple":true}},{"title":"Kahvileivät & keksit","isBanner":false,"productBlock":{"type":"categories","termId":"14546","isSimple":true}},{"title":"Leivonta & Jälkiruoat","isBanner":false,"productBlock":{"type":"categories","termId":"14521","isSimple":true},"flowboxKey":"LNxZDDiyR7Osyr4dJrbp7Q"}],"bottomBlocks":false},{"title":"AAMIAISELLE","slug":"aamiaispoytaan","metaImage":"//images.ctfassets.net/7k9ym4r9m5r2/1BTte4gOS8hfYfBPYgi0rR/028c174e6ebe34545076551b482d44a9/1200x628_OpenGraph-META_Breakfast_FI.jpg","description":"Aamupala on meidän suosikki ateriamme Matsmartilla ja me uskommekin, että se on myös päivän tärkein ateria! Pistä päivä käyntiin hyvällä aamupalalla ja tilaa nyt aamiaispöydän suosikit suoraan kotiisi pilkkahintaan. Valikoimasta löydät mm. parhaat mehut, kahvit ja myslit. ","image":"//images.ctfassets.net/7k9ym4r9m5r2/4lz9bPKJcdC9fYSyjGs5gV/cd855fa2feec0223af90c12ec843e287/1916x1412px_BG-IMG_Breakfast_FI.jpg","splashImage":"//images.ctfassets.net/7k9ym4r9m5r2/5csyAg8FbHPl5ekQYObuaL/7d7a071ec2cffdeb3b988288789d0f6a/520x520px_Splash_Breakfast_FI.png","landingPageHeader":null,"color":"light-blue","headerDescriptionColor":"dark-blue","ctaCopy":"Tsekkaa valikoima","pushDescription":"Tilaa maukkaat syötävät ja juotavat aamiaispöytään!","blocks":[{"title":"Aamiainen","isBanner":false,"productBlock":{"type":"tags","termId":"22896","isSimple":false}}],"bottomBlocks":false},{"title":"BEAUTY SALE","slug":"beautysale","metaImage":"//images.ctfassets.net/7k9ym4r9m5r2/1phnQeCgdmjIh1n8MJuEvl/7e27b558b0da066b89204b9a6968aed5/1200x628_OpenGraph-META_BeautySale-Generell_FI.jpg","image":"//images.ctfassets.net/7k9ym4r9m5r2/1tVwpGY0jF4fu2adpOxMjU/54549ef754ba4adf134f57c6999c1147/1916x1412px_BackgroundImage_BeautySale-Generell_FI.jpg","splashImage":"//images.ctfassets.net/7k9ym4r9m5r2/5IlkJjy2BOxCkVgQ6RuEaE/30d29ec824cbf5d88fd662496101f9a5/520x520px_Splash_BeautySale-Generell_FI.png","landingPageHeader":null,"color":"pink","headerDescriptionColor":"dark-blue","ctaCopy":"Tsekkaa valikoima","pushDescription":"Tilaa meikit ja kauneudenhoitotuotteet edullisin hinnoin!","launchDate":"2020-09-24T10:00+02:00","showLaunchCountdown":true,"blocks":[{"title":"Annetaan kauneudenhoitotuotteille uusi elämä","showTitle":true,"body":"Viime vuonna Matsmartin suomalaiset asiakkaat pelastivat yli 1,2 miljoonaa kiloa ruokaa. Nyt voimme pelastaa yhdessä myös IHANIA kauneudenhoitotuotteita!\n\nEdellisen vuoden mallisto, pakkausvaihdokset, sesonkituotteet – tässä muutamia syitä sille, miksi voit ostaa ripsivärejä, luomivärejä, shampooita, hoitoaineita ja ihonhoitotuotteita mm. Lorealilta, Max Factorilta sekä Lumenelta jopa 65%:n alennuksella.\n\nHemmottele itseäsi tai rakkaitasi hävikkiä hyödyntäen!\n\nMatsmartin Beauty Sale on käynnissä rajoitetun ajan ja tuotteita vain rajoitettu erä – eli nopeat syövät hitaat!","isBanner":false},{"title":"Beauty Top8","isBanner":false,"productBlock":{"type":"tags","termId":"24916","isSimple":false}},{"title":"Uutena asiakkaana 10%:n lisäale koodilla NEWBEAUTY","subtitle":"Saat siis 10%* alennuksen koodilla: NEWBEAUTY. Lisää koodi kassalla kohdassa \"Lisää alennuskoodi\", koodi voimassa jopa 1.11. ","smallText":"*Koodi koskee uusia Matsmart asiakkaita kun tilauksen tuotteiden minimiostos on 45 e. Max 1 koodi per asiakas, voim jopa 1.11.","isBanner":true},{"title":"Ihonhoitotuotteet","isBanner":false,"productBlock":{"type":"categories","termId":"16206","isSimple":true}},{"title":"Silmämeikit","isBanner":false,"productBlock":{"type":"categories","termId":"24901","isSimple":true}},{"title":"Luonnollinen kahvikuorinta","showTitle":true,"body":"Klikkaa kuvaa ja tsekkaa vinkki käytettyjen kahvinporojen hyödyntämiseen...","isBanner":false},{"title":"Kuva kahviporot","showTitle":false,"isBanner":false,"imageBlock":[{"src":"//images.ctfassets.net/7k9ym4r9m5r2/38nnthFCkjoeH5bHoXX33A/80dc60288dc509cec6d2a5c95e68c4c6/us.jpg","link":"https://www.matsmart.fi/magazine/luonnollinen-kahvikuorinta","title":"kuva","body":"https://www.matsmart.fi/magazine/luonnollinen-kahvikuorinta"}]},{"title":"Kasvomeikit","isBanner":false,"productBlock":{"type":"categories","termId":"24906","isSimple":true}},{"title":"Hiukset","isBanner":false,"productBlock":{"type":"categories","termId":"14656","isSimple":true}},{"title":"kamppis materiaali","showTitle":false,"isBanner":false,"imageBlock":[{"src":"//images.ctfassets.net/7k9ym4r9m5r2/6cH9lPYA9TqfIU8025nuu0/641d9261cec7d0765fba5fa0ab297b56/lattiko.jpg","link":"https://www.matsmart.fi/nain-matsmart-toimii","title":"lattiko","body":"https://www.matsmart.fi/nain-matsmart-toimii"},{"src":"//images.ctfassets.net/7k9ym4r9m5r2/41Oa2ZAnvGrU9hakLfGmL2/e8e6a38d11aac9ab56d4a9e508a85ea3/450x450_Topp10_FI.jpg","link":"https://www.matsmart.fi/uusimmat","title":"450x450 Topp10 FI","body":"https://www.matsmart.fi/uusimmat"}]}],"bottomBlocks":false}],"categories":[{"category":"categories.14471","alias":"ruokakomero-0","title":"Ruokakomero","icon":"msi chef-hat","children":[{"id":14476,"label":"Pastat, Riisit & Nuudelit","self":"https://api.matsmart.se/api/v1.0/categories/14476","meta_description":null,"parent":[14471],"weight":0,"alias":"pastat-riisit-nuudelit"},{"id":14481,"label":"Säilykkeet & Ateria-ainekset","self":"https://api.matsmart.se/api/v1.0/categories/14481","meta_description":null,"parent":[14471],"weight":1,"alias":"sailykkeet-ateria-ainekset"},{"id":14486,"label":"Maustaminen","self":"https://api.matsmart.se/api/v1.0/categories/14486","meta_description":null,"parent":[14471],"weight":2,"alias":"maustaminen"},{"id":14491,"label":"Kastikkeet & Öljyt","self":"https://api.matsmart.se/api/v1.0/categories/14491","meta_description":null,"parent":[14471],"weight":3,"alias":"kastikkeet-oljyt-0"},{"id":14496,"label":"Kahvit & Teet","self":"https://api.matsmart.se/api/v1.0/categories/14496","meta_description":null,"parent":[14471],"weight":4,"alias":"kahvit-teet"},{"id":14506,"label":"Hiutaleet, Murot & Myslit","self":"https://api.matsmart.se/api/v1.0/categories/14506","meta_description":null,"parent":[14471],"weight":5,"alias":"hiutaleet-murot-myslit"},{"id":14521,"label":"Leivonta & Jälkiruoat","self":"https://api.matsmart.se/api/v1.0/categories/14521","meta_description":null,"parent":[14471],"weight":6,"alias":"leivonta-jalkiruoat"}]},{"category":"categories.14551","alias":"liikunta-painonhallinta","title":"Liikunta & Painonhallinta","icon":"msi weight","children":[{"id":14556,"label":"Ateriankorvikkeet","self":"https://api.matsmart.se/api/v1.0/categories/14556","meta_description":null,"parent":[14551],"weight":0,"alias":"ateriankorvikkeet"},{"id":14561,"label":"Proteiinituotteet","self":"https://api.matsmart.se/api/v1.0/categories/14561","meta_description":null,"parent":[14551],"weight":1,"alias":"proteiinituotteet"},{"id":15946,"label":"Välipalat & Energiapatukat","self":"https://api.matsmart.se/api/v1.0/categories/15946","meta_description":null,"parent":[14551],"weight":2,"alias":"valipalat-energiapatukat"},{"id":14566,"label":"Ravintolisät & Vitamiinit","self":"https://api.matsmart.se/api/v1.0/categories/14566","meta_description":null,"parent":[14551],"weight":3,"alias":"ravintolisat-vitamiinit"}]},{"category":"categories.14571","alias":"naposteltavat-makeiset","title":"Naposteltavat & Makeiset","icon":"msi candy","children":[{"id":14576,"label":"Sipsit & Naposteltavat","self":"https://api.matsmart.se/api/v1.0/categories/14576","meta_description":null,"parent":[14571],"weight":0,"alias":"sipsit-naposteltavat"},{"id":14581,"label":"Pähkinät & Luonnonmakeiset","self":"https://api.matsmart.se/api/v1.0/categories/14581","meta_description":null,"parent":[14571],"weight":1,"alias":"pahkinat-luonnonmakeiset"},{"id":14586,"label":"Makeiset","self":"https://api.matsmart.se/api/v1.0/categories/14586","meta_description":null,"parent":[14571],"weight":2,"alias":"makeiset"},{"id":16631,"label":"Suklaat","self":"https://api.matsmart.se/api/v1.0/categories/16631","meta_description":null,"parent":[14571],"weight":3,"alias":"suklaat"}]},{"category":"categories.14601","alias":"juomat-0","title":"Juomat","icon":"msi drink","children":[{"id":22101,"label":"Virvoitusjuomat","self":"https://api.matsmart.se/api/v1.0/categories/22101","meta_description":null,"parent":[14601],"weight":0,"alias":"virvoitusjuomat"},{"id":22096,"label":"Mehut & Smoothiet","self":"https://api.matsmart.se/api/v1.0/categories/22096","meta_description":null,"parent":[14601],"weight":1,"alias":"mehut-smoothiet"},{"id":22111,"label":"Urheilu- & Hyvinvointijuomat","self":"https://api.matsmart.se/api/v1.0/categories/22111","meta_description":null,"parent":[14601],"weight":2,"alias":"urheilu-hyvinvointijuomat"},{"id":22106,"label":"Muut","self":"https://api.matsmart.se/api/v1.0/categories/22106","meta_description":null,"parent":[14601],"weight":3,"alias":"muut"}]},{"category":"categories.14526","alias":"leivat-kakut-keksit-0","title":"Leivät, kakut & keksit","icon":"msi cookie","children":[{"id":14541,"label":"Leivät & Näkkileivät","self":"https://api.matsmart.se/api/v1.0/categories/14541","meta_description":null,"parent":[14526],"weight":0,"alias":"leivat-nakkileivat"},{"id":14546,"label":"Kahvileivät & keksit","self":"https://api.matsmart.se/api/v1.0/categories/14546","meta_description":null,"parent":[14526],"weight":1,"alias":"kahvileivat-keksit"}]},{"category":"categories.14631","alias":"lapset-0","title":"Lapset","icon":"msi pacifier","children":[{"id":25081,"label":"Lastenruoka","self":"https://api.matsmart.se/api/v1.0/categories/25081","meta_description":null,"parent":[14631],"weight":0,"alias":"lastenruoka-1"},{"id":25071,"label":"Tarvikkeet","self":"https://api.matsmart.se/api/v1.0/categories/25071","meta_description":null,"parent":[14631],"weight":1,"alias":"tarvikkeet"}]},{"category":"categories.14641","alias":"lemmikkielaimet-0","title":"Lemmikkieläimet","icon":"msi animal"},{"category":"categories.14646","alias":"hygienia-apteekki","title":"Hygienia & Apteekki","icon":"msi soap","children":[{"id":14651,"label":"Ihonhoito","self":"https://api.matsmart.se/api/v1.0/categories/14651","meta_description":null,"parent":[14646],"weight":0,"alias":"ihonhoito"},{"id":14656,"label":"Hiukset","self":"https://api.matsmart.se/api/v1.0/categories/14656","meta_description":null,"parent":[14646],"weight":1,"alias":"hiukset"},{"id":14661,"label":"Suunhoito","self":"https://api.matsmart.se/api/v1.0/categories/14661","meta_description":null,"parent":[14646],"weight":2,"alias":"suunhoito"},{"id":14666,"label":"Apteekki & Intiimituotteet","self":"https://api.matsmart.se/api/v1.0/categories/14666","meta_description":null,"parent":[14646],"weight":3,"alias":"apteekki-intiimituotteet"},{"id":23501,"label":"Kosmetiikka","self":"https://api.matsmart.se/api/v1.0/categories/23501","meta_description":null,"parent":[14646],"weight":4,"alias":"kosmetiikka"}]},{"category":"categories.14671","alias":"koti-siivous","title":"Koti","icon":"msi wash","children":[{"id":25056,"label":"Keittiö","self":"https://api.matsmart.se/api/v1.0/categories/25056","meta_description":null,"parent":[14671],"weight":0,"alias":"keittio"},{"id":25051,"label":"Siivous","self":"https://api.matsmart.se/api/v1.0/categories/25051","meta_description":null,"parent":[14671],"weight":1,"alias":"siivous"},{"id":25061,"label":"Käyttötavarat","self":"https://api.matsmart.se/api/v1.0/categories/25061","meta_description":null,"parent":[14671],"weight":2,"alias":"kayttotavarat"}]},{"category":"tags.10941","alias":"luomu","title":"Luomu","icon":"msi eco"},{"category":"tags.10951","alias":"gluteenittomat","title":"Gluteenittomat","icon":"msi glutenfree"},{"category":"categories.14531","alias":"suurpakkaukset-0","title":"Suurpakkaukset","icon":"msi box"}],"aboutUs":[{"title":"Näin Matsmart toimii","url":"https://www.matsmart.fi/nain-matsmart-toimii","alias":"nain-matsmart-toimii"},{"title":"Varmat ja luotettavat toimitukset","url":"https://www.matsmart.fi/magazine/varmat-ja-luotettavat-toimitukset-covid-19-13-3-2020","alias":"magazine/varmat-ja-luotettavat-toimitukset-covid-19-13-3-2020"},{"title":"Auta vanhaa ystävää","url":"https://www.matsmart.fi/info/auta-vanhaa-ystaevaeae","alias":"info/auta-vanhaa-ystaevaeae"}]},"menuContentNetworkState":"SUCCESS","menuContentNetworkError":null,"campaign":{},"campaignNetworkState":"WAITING","campaignNetworkError":null,"customerSupportPage":{},"customerSupportPageNetworkState":"WAITING","customerSupportPageNetworkError":null,"uspBanners":[],"shoppingArea":{},"shoppingAreaNetworkState":"SUCCESS","shoppingAreaNetworkError":null},"layoutState":{"darkOverlay":{"isVisible":false,"excludeHeader":false},"fullCheckout":true,"newsletterModalVisible":false,"shippingLevelsModalVisible":false,"favoritesModalVisible":false,"loginModalVisible":false,"forgotPasswordModalVisible":false},"tagState":{"tag":{},"tagNetworkState":"WAITING","tagNetworkError":null},"brandState":{"brand":{},"brandNetworkState":"WAITING","brandNetworkError":null},"findifyState":{"latestSearchRequestId":null},"googleOptimizeState":{"variant":null}}</script><script>!function(l){function e(e){for(var r,t,n=e[0],o=e[1],u=e[2],f=0,i=[];f<n.length;f++)t=n[f],p[t]&&i.push(p[t][0]),p[t]=0;for(r in o)Object.prototype.hasOwnProperty.call(o,r)&&(l[r]=o[r]);for(s&&s(e);i.length;)i.shift()();return c.push.apply(c,u||[]),a()}function a(){for(var e,r=0;r<c.length;r++){for(var t=c[r],n=!0,o=1;o<t.length;o++){var u=t[o];0!==p[u]&&(n=!1)}n&&(c.splice(r--,1),e=f(f.s=t[0]))}return e}var t={},p={1:0},c=[];function f(e){if(t[e])return t[e].exports;var r=t[e]={i:e,l:!1,exports:{}};return l[e].call(r.exports,r,r.exports,f),r.l=!0,r.exports}f.m=l,f.c=t,f.d=function(e,r,t){f.o(e,r)||Object.defineProperty(e,r,{enumerable:!0,get:t})},f.r=function(e){"undefined"!=typeof Symbol&&Symbol.toStringTag&&Object.defineProperty(e,Symbol.toStringTag,{value:"Module"}),Object.defineProperty(e,"__esModule",{value:!0})},f.t=function(r,e){if(1&e&&(r=f(r)),8&e)return r;if(4&e&&"object"==typeof r&&r&&r.__esModule)return r;var t=Object.create(null);if(f.r(t),Object.defineProperty(t,"default",{enumerable:!0,value:r}),2&e&&"string"!=typeof r)for(var n in r)f.d(t,n,function(e){return r[e]}.bind(null,n));return t},f.n=function(e){var r=e&&e.__esModule?function(){return e.default}:function(){return e};return f.d(r,"a",r),r},f.o=function(e,r){return Object.prototype.hasOwnProperty.call(e,r)},f.p="/";var r=window.webpackJsonp=window.webpackJsonp||[],n=r.push.bind(r);r.push=e,r=r.slice();for(var o=0;o<r.length;o++)e(r[o]);var s=n;a()}([])</script><script src="./tea_files/2.ad56a9e5.chunk.js.download"></script><script src="./tea_files/main.7f82135c.chunk.js.download"></script>
<script type="text/javascript" id="">var _d7=_d7||[];_d7.push({action:"pageView",pageId:"YOUR_PAGE_ID"});(function(){var a=document.createElement("script"),b=document.getElementsByTagName("script")[0];_d7.id="12406";_d7.p="https:"==document.location.protocol?"https://":"http://";a.src=_d7.p+"tb.de17a.com/d7.js";a.type="text/javascript";a.async=1;b.parentNode.insertBefore(a,b)})();</script> <script type="text/javascript" id="">(function(a,b,d){if(!a.snaptr){var c=a.snaptr=function(){c.handleRequest?c.handleRequest.apply(c,arguments):c.queue.push(arguments)};c.queue=[];a="script";r=b.createElement(a);r.async=!0;r.src=d;b=b.getElementsByTagName(a)[0];b.parentNode.insertBefore(r,b)}})(window,document,"https://sc-static.net/scevent.min.js");snaptr("init","dbc6ef8f-0dd3-47e2-a23a-e51ba08ffea8",{user_email:"__INSERT_USER_EMAIL__"});snaptr("track","PAGE_VIEW");</script> <script type="text/javascript" id="">(function(a,e,f,g,b,h,c,d){a[b]=a[b]||function(){(a[b].q=a[b].q||[]).push(arguments);a[b].handler&&a[b].handler(arguments)};a[b].l=1*new Date;a[b].wid=h;c=e.createElement(f);d=e.getElementsByTagName(f)[0];c.async=1;c.setAttribute("charset","utf-8");c.src=g;d.parentNode.insertBefore(c,d)})(window,document,"script","https://widget.dixa.io/assets/scripts/javascript/loader.js","_dixa","5a19e1ea-9bc4-459b-885a-203595b32be0");</script><script type="text/javascript" id="">var _d7=_d7||[];_d7.push({action:"productView",skuList:google_tag_manager["GTM-KFZQSJL"].macro(7)});(function(){var a=document.createElement("script"),b=document.getElementsByTagName("script")[0];_d7.id="2468";_d7.p="https:"==document.location.protocol?"https://":"http://";a.src=_d7.p+"tb.de17a.com/d7.js";a.type="text/javascript";a.async=1;b.parentNode.insertBefore(a,b)})();</script>
<script type="text/javascript" id="">window.fbq||!function(b,e,f,g,a,c,d){b.fbq||(a=b.fbq=function(){a.callMethod?a.callMethod.apply(a,arguments):a.queue.push(arguments)},b._fbq||(b._fbq=a),a.push=a,a.loaded=!0,a.version="2.0",a.queue=[],c=e.createElement(f),c.async=!0,c.src=g,d=e.getElementsByTagName(f)[0],d.parentNode.insertBefore(c,d))}(window,document,"script","//connect.facebook.net/en_US/fbevents.js");fbq("init","1658307587747849");fbq("track","PageView");</script>
<script type="text/javascript" id="">!function(b,e,f,g,a,c,d){b.fbq||(a=b.fbq=function(){a.callMethod?a.callMethod.apply(a,arguments):a.queue.push(arguments)},b._fbq||(b._fbq=a),a.push=a,a.loaded=!0,a.version="2.0",a.queue=[],c=e.createElement(f),c.async=!0,c.src=g,d=e.getElementsByTagName(f)[0],d.parentNode.insertBefore(c,d))}(window,document,"script","//connect.facebook.net/en_US/fbevents.js");fbq("init","1658307587747849");
fbq("track","ViewContent",{content_name:google_tag_manager["GTM-KFZQSJL"].macro(10),content_category:google_tag_manager["GTM-KFZQSJL"].macro(13),content_ids:google_tag_manager["GTM-KFZQSJL"].macro(15),content_type:"product",value:parseInt(google_tag_manager["GTM-KFZQSJL"].macro(16))/100,currency:google_tag_manager["GTM-KFZQSJL"].macro(17)});</script><script type="text/javascript" id="">var ScarabQueue=ScarabQueue||[];(function(a){if(!document.getElementById(a)){var b=document.createElement("script");b.id=a;b.src="//cdn.scarabresearch.com/js/1B9696A6C10267D9/scarab-v2.js";a=document.getElementsByTagName("script")[0];a.parentNode.insertBefore(b,a)}})("scarab-js-api");var cart=[];google_tag_manager["GTM-KFZQSJL"].macro(18)&&(cart=google_tag_manager["GTM-KFZQSJL"].macro(19).map(function(a){return{item:a.sku,price:a.total,quantity:a.quantity}}));
"product"==google_tag_manager["GTM-KFZQSJL"].macro(20)&&(ScarabQueue.push(["view",google_tag_manager["GTM-KFZQSJL"].macro(21)]),ScarabQueue.push(["cart",cart]),ScarabQueue.push(["go"]));if("category"==google_tag_manager["GTM-KFZQSJL"].macro(22)&&"categories"==google_tag_manager["GTM-KFZQSJL"].macro(23)){var category=google_tag_manager["GTM-KFZQSJL"].macro(24).replace(",","");google_tag_manager["GTM-KFZQSJL"].macro(25)&&(category=google_tag_manager["GTM-KFZQSJL"].macro(26).replace(",","")+"\x3e"+category);ScarabQueue.push(["category",category]);ScarabQueue.push(["cart",cart]);ScarabQueue.push(["go"])}
if("cart"==google_tag_manager["GTM-KFZQSJL"].macro(27)){for(var cartcontent=[],i=0;i<google_tag_manager["GTM-KFZQSJL"].macro(28).length;i++)cartcontent.push({item:google_tag_manager["GTM-KFZQSJL"].macro(29)[i],quantity:google_tag_manager["GTM-KFZQSJL"].macro(30)[i],price:google_tag_manager["GTM-KFZQSJL"].macro(31)[i]});ScarabQueue.push(["cart",cartcontent]);ScarabQueue.push(["go"])}
if("purchase"==google_tag_manager["GTM-KFZQSJL"].macro(32)){ScarabQueue.push(["setEmail",google_tag_manager["GTM-KFZQSJL"].macro(33)]);ScarabQueue.push(["cart",[]]);var emarsys_purchase_command={orderId:google_tag_manager["GTM-KFZQSJL"].macro(34),items:[]};for(i=0;i<google_tag_manager["GTM-KFZQSJL"].macro(35).length;i++)emarsys_purchase_command.items.push({item:google_tag_manager["GTM-KFZQSJL"].macro(36)[i],quantity:google_tag_manager["GTM-KFZQSJL"].macro(37)[i],price:google_tag_manager["GTM-KFZQSJL"].macro(38)[i]});ScarabQueue.push(["purchase",emarsys_purchase_command]);ScarabQueue.push(["go"])};</script><script type="text/javascript" id="" src="./tea_files/jsTag"></script><iframe frameborder="0" scrolling="no" style="background-color: transparent; border: 0px; display: none;" src="./tea_files/saved_resource.html"></iframe><div id="GOOGLE_INPUT_CHEXT_FLAG" input="" input_stat="{&quot;tlang&quot;:true,&quot;tsbc&quot;:true,&quot;pun&quot;:true,&quot;mk&quot;:true,&quot;ss&quot;:true}" style="display: none;"></div><form method="GET" action="https://tr.snapchat.com/cm/i" target="snap05866405612917902" accept-charset="utf-8" style="display: none;"><iframe id="snap05866405612917902" name="snap05866405612917902" src="./tea_files/saved_resource(1).html"></iframe><input name="pid"></form><div id="criteo-tags-div" style="display: none;"><iframe src="./tea_files/syncframe.html" id="criteo-syncframe" width="0" height="0" frameborder="0" style="border-width:0px; margin:0px; display:none" title="Criteo GUM iframe"></iframe></div><div id="goog-gt-tt" class="skiptranslate" dir="ltr"><div style="padding: 8px;"><div><div class="logo"><img src="./tea_files/translate_24dp.png" width="20" height="20" alt="Google Translate"></div></div></div><div class="top" style="padding: 8px; float: left; width: 100%;"><h1 class="title gray">Original text</h1></div><div class="middle" style="padding: 8px;"><div class="original-text"></div></div><div class="bottom" style="padding: 8px;"><div class="activity-links"><span class="activity-link">Contribute a better translation</span><span class="activity-link"></span></div><div class="started-activity-container"><hr style="color: #CCC; background-color: #CCC; height: 1px; border: none;"><div class="activity-root"></div></div></div><div class="status-message" style="display: none;"></div></div><iframe name="_hjRemoteVarsFrame" title="_hjRemoteVarsFrame" id="_hjRemoteVarsFrame" src="./tea_files/box-469cf41adb11dc78be68c1ae7f9457a4.html" style="display: none !important; width: 1px !important; height: 1px !important; opacity: 0 !important; pointer-events: none !important;"></iframe><div class="goog-te-spinner-pos"><div class="goog-te-spinner-animation"><svg xmlns="http://www.w3.org/2000/svg" class="goog-te-spinner" width="96px" height="96px" viewBox="0 0 66 66"><circle class="goog-te-spinner-path" fill="none" stroke-width="6" stroke-linecap="round" cx="33" cy="33" r="30"></circle></svg></div></div><form method="POST" action="https://tr.snapchat.com/p" target="snap040555749830029275" accept-charset="utf-8" style="display: none;"><iframe id="snap040555749830029275" name="snap040555749830029275" src="./tea_files/saved_resource(2).html"></iframe></form><div id="dixa-iframe-wrapper" style="-webkit-overflow-scrolling: touch;z-index: 18654331;"><iframe id="dixa-widget-wrapper" style="z-index: 18654331;position: fixed;bottom: 0;right: 0px;border: 0;margin: 0;border-radius: 10px 10px 0 0;width:0;height:0;pointer-events: auto;" scrolling="no" height="0" title="Dixa widget" src="./tea_files/saved_resource(3).html"></iframe></div></body></html>